2564 4724
125 189 202 272 est
438 185 650 311 orme
678 142 930 287 eruperit..-

165 390 169 403 '
208 376 250 445 D.
274 378 455 465 pinnatum.
499 376 596 439 Lina.
621 373 732 440 Willd.
754 373 844 457 Sper.
866 378 912 457 pt.
939 372 1000 437 III.
1029 397 1069 458 p.
1093 374 1171 443 150.
1195 412 1232 429 ·-·

251 495 385 579 Spreng.
408 494 495 576 Syst.
516 512 585 573 vag.
606 490 653 553 II.
679 515 713 576 p.
735 488 810 553 693.
832 489 896 551 No.
921 483 973 551 14.
996 517 1043 532 -
1074 490 1164 557 Pau.
1186 492 1232 557 Bt

252 588 404 674 resciit.
426 621 449 671 t.
462 606 529 671 XI.
550 613 615 669 sine
636 608 859 688 descriptione.
881 633 925 647 -
945 603 1072 671 Sieeere
1093 612 1131 671 in
1151 607 1233 673 Poll.

252 749 284 788 n.
315 727 406 786 nord.
434 721 542 804 Beytr.
573 719 613 781 V
609 721 654 783 II.
683 752 727 764 —-
769 720 979 784 Hiltebrondt
1000 724 1030 783 -l.
1062 743 1097 785 o.
1123 746 1161 807 p.
1183 722 1234 789 43.

249 840 312 903 No.
326 837 376 903 10.
401 871 444 883 -
465 838 583 899 Ledcb.
599 836 645 896 Ic.
666 839 712 920 pl.
726 835 773 898 Fi.
798 857 877 900 ross.
901 839 958 899 alt.
981 839 1102 903 illustr.
1127 850 1152 902 t.
1161 834 1236 904 44³.

182 955 485 1037 ‚Dracocephalnm
513 952 644 1014 floribus
672 970 715 1013 ex
738 951 1121 1036 verticillato-epicatis,
1151 920 1237 1019 foliis
1268 992 1271 999 ·

131 1112 134 1120 ·
255 1066 390 1134 cordatis
425 1064 802 1151 sinuato-pinnatilidie.
865 1066 968 1133 Gnaei.
994 1065 1047 1133 Fr.
1082 1070 1145 1134 sib.
1172 1069 1236 1135 III.

249 1211 285 1272 p.
308 1184 383 1248 235.
407 1182 517 1267 (exolr
530 1187 676 1265 descript·
698 1194 731 1245 et
750 1203 860 1264 synon.
884 1179 1024 1264 Stellati)
1046 1194 1070 1246 t.
1088 1182 1173 1247 LII.

127 1305 210 1373 Hah.
231 1303 267 1366 in
294 1298 450 1386 lapidosis
480 1297 600 1383 asperis
631 1295 745 1382 alpinis
767 1293 808 1358 ad
828 1297 861 1360 ss.
886 1294 1043 1377 Tscbuja,
1073 1299 1181 1362 rarius
1202 1299 1233 1361 in

170 1428 274 1484 mont.
298 1412 488 1495 Tarbagatai
516 1410 637 1475 deserti
670 1410 1025 1493 soongoro-kirghisici
1055 1411 1231 1497 (Sievers).

89 1562 96 1579 1
170 1534 220 1601 ΕΙ.
243 1531 321 1596 Jun.
343 1529 408 1592 Jul.
434 1528 502 1608 (B.)
523 1529 572 1602 lt·
1154 1606 1157 1613 Ι

213 1646 281 1712 cel.
310 1643 434 1707 Gmetin
457 1638 536 1704 dues
565 1652 640 1703 ente
670 1643 779 1706 oculos
801 1639 954 1706 habuisse
974 1643 1105 1729 species
1136 1663 1178 1705 ex
1197 1662 1232 1715 eo

87 1805 89 1811 ·
127 1774 234 1856 petet,
262 1759 347 1846 quod
370 1758 410 1820 ad
436 1757 537 1820 finem
559 1754 781 1842 descriptionis
811 1756 917 1820 addit:
947 1755 1119 1839 „videtur
1132 1769 1231 1820 tamen

128 1883 241 1970 plenta
262 1873 303 1937 ed
325 1872 448 1952 Illajam
469 1881 503 1933 et
523 1869 698 1935 Judomam
720 1873 850 1935 collecta
871 1873 906 1935 in
929 1874 1033 1936 multo
1054 1873 1186 1937 sicciore
1205 1885 1232 1935 et
1271 1946 1273 1953 y

130 1993 292 2083 asperiore
320 1989 391 2051 loco
419 1998 493 2049 nata
521 2007 609 2068 esse,
641 2008 737 2072 quam
763 1986 986 2068 Bajcalensis”
1009 1993 1030 2052 i.
1053 2010 1083 2052 c.
1102 2014 1140 2074 p.
1162 1986 1229 2053 256.

129 2113 219 2177 Haec
247 2106 406 2171 delineata
437 2101 500 2166 Dr.
524 2103 740 2187 pinnatum
769 2115 837 2183 eet,
867 2105 922 2167 illa
943 2125 1039 2186 vero,
1069 2101 1229 2191 descripte,

130 2226 196 2293 Dr.
219 2216 491 2302 origanoides
516 2217 624 2282 Wittat.

216 2336 361 2404 Cautes
384 2334 564 2420 caespitosi,
584 2334 661 2413 lari,
684 2331 843 2418 prostrati,
865 2330 1031 2419 hispiduti,
1054 2335 1125 2399 basi
1141 2333 1230 2396 folio·

130 2481 202 2525 rom
224 2450 457 2520 emarcidorum
474 2450 721 2512 convolutorum
743 2448 933 2511 rudimentis
955 2451 1076 2514 vestiti.
1118 2448 1145 2512 F
1151 2450 1229 2537 elia

19 2643 23 2651 ,
130 2574 301 2664 petiolete:
327 2571 444 2651 petiole
468 2564 573 2626 cibato
582 2611 591 2642 ,
621 2561 958 2625 cordato-orbiculata
985 2566 1041 2628 vel
1061 2575 1172 2645 ovata,
1198 2564 1229 2625 in

130 2692 223 2756 lobos
245 2683 353 2751 5-9
376 2677 563 2742 rotundatos
586 2676 946 2762 creante-pinnatifida,
971 2680 1104 2742 sinubus
1126 2680 1227 2758 acutis,
1272 2746 1275 2773 ÷

131 2806 280 2887 utrinque
295 2795 508 2884 pubescentia,
530 2790 666 2874 viridia3
689 2795 864 2878 superiora,
888 2814 969 2878 quae
983 2796 1148 2859 verticiilis
1161 2817 1229 2881 pro·
1272 2780 1275 2869 ἶ

130 2920 221 3008 piore
242 2923 335 2994 sunt,
357 2912 394 2973 in
414 2910 571 2996 petiolum
593 2910 695 2971 latum
716 2921 896 2991 attenuate,
926 2910 1150 2991 cuneiiormia,
1179 2910 1228 2979 tri·
1259 2930 1275 2961 .;

130 3036 214 3100 lobe.
259 3031 456 3095 Bracteae
479 3028 814 3105 uberate-cuneatus,
839 3028 1003 3106 coloratae,
1026 3024 1228 3090 inciso-den-

129 3159 233 3212 tatae:
259 3149 402 3211 dentibus
423 3140 549 3222 3-7,
573 3142 929 3215 semeso-acuminatis,
954 3141 1082 3204 ciliatis.
1127 3142 1228 3205 Ver·

130 3261 264 3327 ticilli
293 3259 525 3345 approximati,
556 3257 590 3318 in
622 3258 741 3341 spicam
772 3259 955 3319 continuam
979 3255 1083 3319 1-2
1104 3260 1229 3345 pollice..

129 3400 199 3442 rem
221 3374 354 3438 densam
377 3373 533 3458 dispositi.
577 3369 738 3453 Calycis
766 3372 840 3433 labii
869 3371 1041 3456 superioris
1063 3370 1144 3436 dens
1165 3395 1230 3435 me·

130 3492 203 3556 dius
225 3489 358 3553 caeteris
380 3490 476 3573 paulo
498 3489 609 3564 latior,
637 3488 762 3572 apicem
785 3508 897 3549 versus
919 3487 953 3549 in
976 3506 1166 3551 mucronem
1188 3499 1233 3551 at-

128 3617 276 3670 tenuatus
297 3625 356 3666 nec
378 3615 557 3685 truncatus;
582 3603 697 3666 caeteri
719 3602 1028 3665 setosae-lineares.
1075 3599 1233 3668 Corolia

129 3722 293 3800 coerulea,
326 3720 383 3782 vix
414 3739 432 3779 e
461 3720 596 3782 bracteis
624 3716 827 3806 prominula:
858 3719 935 3781 tubo
966 3718 1072 3800 calyce
1100 3719 1234 3785 incluso.

129 3837 276 3919 stylus
298 3845 454 3897 exsertus.

312 3947 348 4033 3)
377 3946 669 4012 Dnecocernnnusa
690 3969 884 4012 narmensi.
917 3946 1042 4013 Lenem.

126 4066 196 4141 Dr.
223 4066 380 4142 floribus
406 4063 659 4158 verticillatis,
685 4064 851 4140 bracteis
876 4063 1237 4166 oblongo-eunomio

179 4196 636 4293 mucronato-dentatis,
677 4196 824 4300 calycie
856 4198 999 4277 lacinio
1040 4196 1235 4299 superiore
