2564 4724
125 133 204 249 234
257 239 260 245 .
463 165 521 246 Cl.
549 169 632 245 ΧΠ.
680 167 910 245 leoseutlria.

176 358 364 460 calyoinis
391 358 643 434 exterioribus
667 335 1136 454 lanceolatosslineeribus,
1172 389 1236 463 pe·

174 494 263 570 talio
289 491 458 566 eboratis
480 492 655 591 celyeem
685 491 962 591 superantibus

208 624 246 689 P.
277 620 475 688 Saleesowii.
525 624 634 709 Steph.
664 629 699 687 in
728 621 841 688 Willd.
869 622 984 690 Enum.
1013 630 1044 690 t.
1077 602 1173 694 Berol
1203 623 1236 689 Ι

244 764 282 826 p.
305 738 445 805 552.-
487 739 597 826 Steplr.
615 739 717 803 Mem
736 741 785 804 de
814 745 846 804 ln
867 742 938 806 Soc.
970 742 1025 805 des
1047 741 1163 807 Notur.
1196 747 1237 807 de

249 857 387 921 Mosoou
406 846 458 922 ΙΙ.
480 881 515 942 p.
537 855 568 921 6.
591 868 616 920 t
635 855 733 920 3.·-
760 857 861 923 Nestl.
883 857 1036 938 Monogr.
1056 884 1091 945 p
1112 824 1168 924 (il.
1191 892 1236 906 -

248 974 360 1039 Lehm
380 973 531 1055 Monogr.
554 996 588 1058 p.
611 971 665 1038 35.
688 987 710 1039 t.
732 972 831 1041 I.-.-
864 974 1026 1039 Trottimr.
1049 975 1114 1038 No.
1137 972 1168 1038 7
1192 1013 1237 1025 —-

249 1091 383 1175 Spreng.
405 1089 491 1173 Syst.
513 1110 582 1170 vag.
606 1088 658 1155 ΙΙ.
679 1114 714 1175 p.
739 1090 815 1158 535.
835 1090 899 1154 Νο.
923 1087 1043 1153 26.
1084 1091 1233 1170 Deonnd.

248 1206 366 1272 Prodr.
389 1204 441 1272 ΙΙ.
462 1228 498 1289 p.
521 1204 596 1273 583.
617 1206 681 1272 Νο.
695 1203 758 1274 81.

140 1324 225 1390 Heb.
249 1322 463 1409 pulcherrime
490 1322 570 1386 haec
598 1324 723 1409 species
752 1324 787 1386 in
816 1322 988 1389 insulisfl.
1012 1319 1166 1404 Technis,
1189 1321 1233 1386 ad

185 1439 358 1506 ostiumfl.
381 1436 506 1517 Kurai,
540 1459 599 1500 nec
627 1460 695 1502 non
722 1436 756 1502 in
779 1439 937 1507 montosis
960 1437 1055 1505 adfl.
1075 1437 1229 1522 Tschujs,

80 1535 97 1542 A*
184 1577 281 1642 supra
301 1554 336 1617 fl.
357 1551 477 1632 Karai,
499 1553 600 1643 rarior
620 1566 749 1635 tamen3
780 1554 980 1640 frequentior
1008 1556 1040 1619 in
1072 1560 1230 1624 montosis

183 1670 224 1734 ad
247 1679 424 1732 torrentem
440 1665 598 1749 Kokorgo
619 1669 654 1731 in
671 1669 706 1733 fl.
721 1667 861 1752 Techuje
882 1668 1075 1737 influentem
1090 1671 1173 1758 (lt.)
1186 1704 1230 1720 --

180 1787 229 1852 Fl.
253 1786 352 1850 Junio
374 1796 406 1847 et
426 1782 523 1847 Julio.
571 1787 618 1861 b.

133 1884 141 1898 .
202 1902 323 1968 Frutex
344 1899 588 1988 bi-tripedalis‚
617 1922 779 1985 ramosus,
804 1903 918 1967 cortice
940 1905 1031 1968 fusco
1053 1903 1227 1971 obductus:

118 2029 219 2087 rumis
248 2017 427 2101 junioribus
458 2020 767 2083 albo-tomentosis.
810 2018 1003 2106 Stipulee
1025 2025 1230 2088 ovato-lan-

118 2140 270 2217 molatae,
293 2135 502 2213 nominatae,
527 2135 764 2213 integerrimae,
787 2138 961 2213 sustineas,
985 2140 1104 2202 fuscae.
1150 2140 1177 2201 F
1186 2163 1229 2203 o-

116 2254 175 2316 lia
196 2251 407 2338 pinnatisecta
419 2272 428 2311 :
450 2261 610 2328 segmento
631 2246 654 2308 7
666 2280 707 2294 -
719 2248 740 2311 9
762 2251 899 2330 oblonga
921 2253 974 2313 vel
997 2267 1132 2317 cuneato
1144 2288 1161 2302 -
1172 2260 1227 2319 oh.

65 2403 85 2431 e
116 2372 231 2449 longa,
262 2386 358 2451 supra
380 2362 512 2443 viridia,
534 2363 751 2441 *glaberrimffi
783 2365 896 2427 subtus
919 2365 1226 2456 albo-tomentosa‚

116 2497 248 2563 serrata,
274 2479 491 2556 crassiuscula,
515 2479 725 2541 subcoriacea.
768 2476 912 2542 Flores
933 2482 967 2543 in
991 2485 1089 2548 ramis
1112 2491 1227 2561 termi-

115 2603 218 2680 nales,
238 2595 370 2661 solitarii
390 2595 444 2656 vel
467 2593 543 2671 bini,
566 2595 659 2672 terni,
683 2595 830 2678 quaterni
852 2606 885 2658 et
906 2597 1006 2683 quini.
1054 2600 1223 2686 calyces

114 2713 182 2780 basi
203 2709 395 2776 tomentosi:
419 2712 554 2770 laciniae
575 2700 854 2796 purpurascentes,
879 2717 1024 2777 tomen'to
1038 2719 1111 2784 albo
1132 2724 1224 2785 tenui

113 2842 233 2911 tectae3
263 2826 442 2911 exteiiores
463 2824 632 2906 lineares„
648 2825 831 2908 breviores3
865 2835 1029 2898 interiores
1049 2837 1222 2920 maximoe,

113 2959 246 3027 ovatae,
276 2942 487 3007 acuminatae.
532 2937 678 3004 Petala
707 2942 860 3024 obovata,
885 2949 1114 3031 unguiculas,
1136 2954 1223 3017 inte-

114 3061 432 3148 gerrima,-ealycem
454 3053 659 3135 excedentis,
683 3060 774 3126 albe.
807 3058 1134 3151 Receptaculum
1155 3069 1220 3134 vil-

112 3182 321 3246 losissimum.
373 3174 607 3260 Garyopses
635 3174 734 3237 eltero
764 3177 864 3242 latere
892 3182 1044 3263 lanugine
1071 3182 1219 3249 densiore

114 3310 268 3401 comatae,
290 3294 359 3361 basi
380 3290 616 3357 scrobiculatae.
896 3295 898 3300 '

329 3424 367 3498 2)
399 3421 610 3487 Pornrrmns
632 3388 823 3500 rnnrrcoss.
835 3412 871 3502 6)
899 3424 995 3491 Linn.

113 3557 152 3631 P.
179 3553 283 3629 foliis
309 3548 589 3650 pinnatisectis.
623 3549 832 3646 segmentis
859 3553 986 3649 quinis
1014 3559 1075 3634 vel
1102 3573 1223 3660 septe·

163 3684 223 3763 nis
257 3682 520 3783 integerrimis
553 3679 763 3776 sessilibti33
797 3686 964 3764 summis
997 3690 1222 3770 confluenti·

111 3825 399 3953 minuis
416 3879 465 3934 sed
483 3872 692 3934 distinetissima
711 3879 817 3950 species
836 3892 893 3935 est:

413 3979 609 4034 Pornrarrnns
629 3977 754 4037 osseus.
780 3980 927 4056 Loddtg..

111 4163 116 4181 x
152 4080 189 4152 Ρ.
214 4087 401 4164 frutesoeue,
423 4084 520 4146 ramis
541 4083 748 4147 inferioribus
769 4082 1042 4168 horizontalib'us3
1073 4087 1223 4176 superio·

164 4192 182 4223 ·'
196 4192 283 4255 mbos
311 4187 443 4277 strictis,
470 4187 558 4254 foliis
586 4187 1103 4279 quinquelobeto-pinnstissotisa
1134 4192 1241 4269 louis,
