2564 4724
111 187 190 288 aab
343 286 345 290 ,
399 193 499 287 'et
526 213 608 287 xn.
661 172 890 298 narina.
976 202 979 206 ’

336 400 373 477 2)
404 396 643 465 Coronnasrnn
665 420 839 466 caraman.
875 399 996 484 Berge.

112 530 157 610 C.
182 529 286 606 foliis
312 528 482 630 oblongis
505 529 684 627 utrinque
717 530 923 607 attenuatis
951 528 1082 606 subtus
1107 531 1223 628 pube·

160 663 256 736 rulis
280 686 392 758 supra
419 661 580 761 glabris,
613 663 836 761 pedunculis
870 661 1112 754 brevissimis
1138 666 1224 739 uni-

115 826 118 833 *
161 781 265 867 floris
291 793 563 892 calyoibusque
589 794 847 893 glaber'rimis'.
974 791 976 796 ’

126 981 128 986 .
198 923 233 988 G.
257 924 403 989 uniflora.
439 925 557 992 Ledeb
574 928 621 992 Ic.
644 931 689 1012 pt.
714 927 763 990 Εἰ.
784 949 862 998 ross
888 930 945 991 alt.
968 931 1080 992 illicstr
1104 928 1222 995 τ..269

193 1040 265 1105 Uva
286 1038 371 1111 Ursi
414 1041 502 1105 Poll.
522 1051 558 1108 it.
578 1044 623 1106 ΙΙ.
642 1067 677 1127 p.
702 1042 783 1108 568.

28 1160 31 1181 ’
109 1157 193 1222 Hab.
215 1178 282 1219 non
302 1176 372 1219 rara
392 1156 428 1218 in
449 1159 625 1246 subalpinis
648 1171 681 1223 et
701 1159 819 1245 alpinis
840 1155 894 1238 (L.
907 1154 965 1238 Β.)
984 1157 1033 1222 Fl.
1046 1158 1154 1223 Junio.
1173 1160 1219 1230 15.

216 1272 345 1359 Species
381 1269 639 1356 distinctissime,
676 1274 908 1337 characteribus
938 1276 1219 1336 constantissimis.

108 1387 135 1451 F
140 1399 266 1451 rutex
286 1385 568 1475 bii-pedalis,
590 1392 624 1453 in
648 1391 782 1453 summis
804 1378 882 1450 verb
905 1389 1031 1474 alpibus
1053 1389 1136 1476 pede
1157 1393 1222 1452 hu-

107 1505 234 1579 milior,
265 1501 452 1588 depressus,
481 1516 670 1590 prostratus.
713 1503 835 1567 Folia
857 1505 1040 1585 angustiora
1064 1523 1164 1591 quam
1185 1506 1220 1567 in

107 1617 335 1705 praecedente,
358 1619 513 1699 oblonga,
537 1599 895 1704 utrinqueattenuata,
919 1621 1008 1706 apice
1029 1621 1220 1707 plerumque

15 1771 20 1780 ·
107 1735 295 1799 mucronulo
326 1734 469 1813 munita,
500 1756 597 1822 supra
626 1736 735 1817 glabra
762 1737 923 1799 intensius
944 1735 1077 1816 viridia,
1108 1739 1220 1799 subtus

107 1847 227 1935 pallida
249 1850 369 1930 glauca,
392 1853 476 1936 pube
497 1851 688 1917 tenuissima
710 1865 811 1935 tacta,
837 1853 968 1919 demum
990 1874 1068 1916 vero
1090 1854 1219 1936 saepius

107 1969 258 2052 glabreta
301 1963 446 2029 Floras
468 1968 637 2051 axillares,
666 1991 796 2056 semper
819 1971 973 2048 solitarii,
997 1968 1054 2032 vix
1077 1989 1219 2052 unquam

107 2054 189 2163 bibi,
219 2078 408 2169 pedunculis
431 2083 490 2146 vix
513 2086 652 2164 calycem
675 2087 903 2168 aequantibus,
935 2094 1096 2146 nutantes.
1143 2079 1219 2144 Ga-

105 2202 223 2283 lyccs
244 2198 441 2278 glaberrimi,
471 2197 584 2276 lucidi,
614 2178 834 2278 magnitudine
862 2197 1093 2284 praecedentis.
1141 2199 1218 2267 Pe·

107 2317 194 2376 tala
223 2314 327 2374 multo
350 2313 473 2373 minora
495 2333 592 2395 quam
620 2315 652 2374 in
680 2315 755 2389 illa,
790 2310 1058 2375 virenti-albida.
1106 2312 1217 2398 styli

105 2443 143 2493 ut
163 2430 340 2516 plurimum
362 2425 391 2489 3.
436 2426 594 2489 I'omum
615 2430 790 2508 globosum,
809 2431 913 2491 colore
935 2429 1038 2507 rubro,
1060 2429 1216 2512 lucidum,

106 2567 235 2632 semper
256 2547 323 2606 fere
344 2534 562 2627 3-pyrenum.

305 2712 342 2794 3)
374 2709 611 2776 Coronensem
633 2735 857 2776 monstruosa,
889 2716 1011 2794 Berge.

45 2903 46 2907 =
106 2845 150 2925 C.
174 2843 277 2919 foliis
303 2843 738 2919 subrotundo-ovaIibus
765 2843 846 2918 basi
874 2845 1079 2921 attenuatis
1106 2846 1213 2945 apice

154 2976 364 3055 rotundatis
389 3002 480 3054 oum
509 3001 693 3050 mucrone
719 2979 781 3050 vel
806 2978 1057 3079 emarginatis
1083 2979 1211 3054 subtus

155 3111 417 3211 subpuberulis
450 3136 565 3208 supra
598 3100 862 3212 glaberrimis,
902 3111 1124 3229 pedunculis
1152 3109 1209 3186 di

155 3245 344 3322 chotemis
369 3243 601 3318 multifloris
619 3243 711 3317 folio
736 3242 971 3341 longioribus
996 3222 1209 3343 calyoibus·

155 3403 229 3476 que
254 3376 508 3476 glaberrimis.

189 3507 225 3575 C.
246 3509 429 3571 multiflora.
462 3509 580 3572 Ledeb.
593 3508 640 3570 Io.
655 3510 701 3590 pl.
721 3503 768 3566 Fl.
784 3523 863 3566 ross.
879 3504 936 3567 alt.
958 3509 1073 3570 illustr.
1095 3519 1119 3573 t.
1132 3503 1210 3574 274.

102 3627 187 3695 Hah.
209 3624 246 3686 in
274 3625 472 3708 rupestribus
500 3623 658 3686 montium
680 3617 935 3698 Techingisaau
963 3631 996 3684 et
1023 3620 1210 3709 Dachigilen

145 3740 266 3806 deserti
288 3737 644 3819 soongoro·kirgbisici
665 3737 748 3813 (M.)
776 3735 824 3808 15.

186 3854 306 3921 Folia
328 3854 432 3915 multo
452 3854 567 3915 latiora
588 3870 684 3937 quam
705 3852 740 3914 in
764 3848 798 3914 0.
822 3852 1005 3932 vulgari,
1027 3855 1097 3917 fera
1120 3855 1210 3921 orbi-

103 3979 223 4054 culata,
248 3973 436 4056 plerumque
457 3965 616 4052 profunde
637 3969 847 4046 marginata,
876 3969 983 4031 biloba
1005 3971 1059 4032 vel
1081 3973 1209 4035 orbicu-

102 4085 379 4167 lato-obsordata,
403 4085 471 4147 basi
491 4092 654 4145 attenuata
675 4083 711 4146 in
730 4084 886 4169 petiolum
907 4085 1088 4165 longiorem
1109 4109 1208 4172 quam

27 4188 28 4191 Ἴ
102 4211 137 4274 in
159 4205 195 4271 G.
220 4204 407 4287 vulgari,
428 4221 531 4287 nequa
553 4195 733 4297 rotundatu,
758 4199 846 4297 apice
867 4201 993 4287 saepius
1016 4205 1207 4268 mucronulo
