2564 4724
387 221 475 300 rCt.
503 224 551 300 X.
603 224 836 329 Deoeudria.
1114 199 1190 314 195

120 413 332 489 riferarum
358 412 560 490 latitudine
585 414 866 516 longitudinem
890 373 1102 515 supirante,
1124 420 1190 498 flo-

119 546 226 622 ribus
246 545 457 638 deoandris,
483 543 617 646 petalis
642 547 811 623 stamina
833 545 1110 646 superantibus.
1136 614 1139 619 .

156 677 192 742 S.
218 677 369 760 algidum.
406 678 524 744 Ledeb.
544 681 589 742 In.
612 662 731 764 pt'Ft.
752 700 840 781 rusa.=
856 682 912 745 alt.
935 684 1048 748 illustr.
1072 674 1184 747 5418.

74 804 158 868 Hab.
181 807 285 871 rarius
314 807 347 870 in
378 805 522 872 humidis
552 826 752 871 summarum
773 808 898 894 alpium
920 809 999 911 circa
1020 809 1186 880 fontesfl.

115 918 200 1015 ijs,
223 920 293 985 Uba
314 935 348 986 et
369 923 527 1015 Sentelsk
549 925 642 1003 (L.),
665 923 701 986 in
722 923 795 1010 alpe
816 920 858 985 ad
880 922 1003 988 rivrssos
1024 922 1185 1011 Kokugo

115 1036 183 1122 (Β.)
204 1037 253 1103 Fl.
276 1038 353 1112 Jun.
374 1035 440 1103 Jul.
472 1044 521 1110 ΖΙ..

156 1161 276 1230 Habitu
298 1153 339 1230 ad
365 1167 398 1230 S.
422 1164 708 1254 quadrifidum
730 1164 866 1247 accedit,
895 1165 953 1230 sed
981 1170 1086 1234 multo
1109 1188 1182 1235 tna·

73 1286 136 1363 jus‚
158 1281 353 1346 decaudrum
375 1295 408 1345 et
429 1282 507 1347 solia
528 1284 634 1369 plana.
672 1280 808 1346 Radix
830 1302 943 1362 crassa,
964 1285 1070 1366 longe,
1094 1286 1182 1364 ultra

71 1397 188 1482 pedem
216 1396 412 1462 descendens
439 1396 717 1484 subcylindracee,
747 1397 888 1485 simplex
915 1399 970 1460 vel
996 1419 1086 1465 ramo
1114 1391 1182 1466 nuo
1240 1470 1243 1476 Δ

71 1517 212 1579 alterove
239 1501 347 1590 aneta,
377 1536 470 1602 parce
495 1515 631 1594 florosa,
660 1513 842 1600 multiceps.
888 1510 1037 1579 Gaulos
1060 1536 1179 1579 nume·

70 1629 151 1704 rosi,
182 1631 297 1710 erecti,
328 1631 386 1693 sub
408 1631 535 1696 anthesi
561 1641 698 1716 quatuor
728 1629 870 1708 circiter,
898 1624 1031 1695 demum
1053 1643 1180 1718 septem

51 1748 201 1830 ‘pollices
228 1747 284 1807 alti
312 1746 367 1809 vel
393 1746 542 1824 altiores,
571 1747 698 1808 inferne
727 1744 815 1806 soliis
845 1731 985 1831 delapsis
1013 1743 1178 1829 denudati,

68 1881 206 1947 superne
227 1859 350 1938 foliosi‚
374 1860 544 1949 simplicis,
566 1869 701 1937 teretes,
724 1857 834 1938 glabri,
856 1859 1024 1952 staminei,¹
1043 1862 1179 1926 subinde

68 1978 184 2038 rubore
206 1974 329 2036 suffusi.
374 1972 492 2037 Folia
514 1969 655 2056 undique
678 1989 803 2054 sparsa,
834 1969 868 2032 in
890 1972 1178 2072 superioreoraulis

22 2137 24 2142 -
68 2101 158 2175 parte
180 2087 337 2177 densiora,
361 2080 496 2167 sessilis,
519 2087 810 2172 erecto-patentia,
835 2087 986 2165 linearia,
1010 2085 1116 2150 6-9
1137 2091 1180 2151 li-

68 2228 145 2269 neas
160 2209 265 2287 longa,
289 2205 407 2267 lineam
422 2206 485 2265 lata
501 2205 556 2265 vel
571 2221 685 2288 parum
701 2200 822 2279 latiora,
844 2201 1046 2282 subcarnosa‚
1068 2203 1176 2290 plana,
1193 2235 1200 2243 ·

68 2299 301 2401 obtusiuscula‚
323 2321 545 2402 integerrima,
569 2319 693 2399 glabra,
716 2312 835 2404 pallide
856 2315 991 2398 viridia}
1022 2318 1178 2400 inferiora

69 2437 201 2517 minora,
216 2439 275 2499 sub
289 2449 433 2524 tempore
446 2431 579 2498 florendi
595 2431 755 2497 emarcida
772 2433 826 2496 vel
842 2430 984 2496 decidua.
1020 2433 1177 2518 Corym-

68 2554 140 2615 bus
160 2551 356 2630 terminalis,
388 2552 535 2638 simplex.
580 2544 815 2615 Pedunouli
846 2552 905 2613 snb
928 2551 1055 2615 enthesi
1075 2549 1174 2615 flores

68 2668 310 2751 subsequentes,
334 2667 464 2730 demum
486 2669 656 2746 longiores,
680 2668 767 2730 foliis
790 2667 954 2729 nonnullis
977 2668 1108 2730 caulinis
1129 2667 1177 2730 si·

59 2784 196 2847 xmilibus
222 2779 280 2842 sed
302 2782 500 2844 brevioribus
522 2791 555 2843 et
577 2781 712 2845 subinde
734 2781 904 2845 latioribus
927 2781 1032 2844 obsiti.
1076 2780 1175 2845 Fro-

66 2918 138 2963 ras
161 2895 273 2974 erecti‚
303 2905 368 2957 tres
390 2897 490 2958 lineas
513 2917 585 2975 cum
612 2895 745 2959 dimidia
768 2898 867 2977 longi.
914 2895 1113 2979 Galyxb-
1121 2919 1175 2962 se·

54 3002 178 3122 ›palusz
207 3013 324 3095 aepulis
346 3010 524 3092 oblongis,
541 3011 680 3089 obtusis,
701 3010 892 3089 carnornlis,
915 3010 1042 3076 sordide
1063 3013 1174 3097 roseis,

67 3129 212 3211 margine
232 3128 266 3189 in
287 3128 413 3190 luteum
432 3137 576 3207 regente,
599 3127 852 3212 persistentibus
894 3122 1039 3191 Petale
1061 3130 1094 3208 5,
1103 3129 1176 3197 ob·

60 3244 185 3326 '·-longo
169 3242 389 3323 -,lanceolata
412 3244 646 3323 obtusiuscula,
668 3241 787 3328 sepelis
807 3232 906 3328 duplo
928 3247 997 3304 sere
1018 3245 1174 3324 longiora,

44 3339 363 3447 'erecto-patentia,
391 3362 493 3439 lutea,
519 3358 739 3445 persistentis,
762 3356 893 3420 demum
915 3355 1042 3422 sordide
1063 3379 1172 3436 rosea:

69 3477 175 3540 colore
196 3476 382 3540 saturatiore
403 3476 457 3539 vel
480 3472 639 3540 dilutiore.
685 3472 873 3540 Stamina
896 3471 957 3553 10,
980 3462 1094 3559 petalis
1117 3481 1175 3560 pa·

68 3613 138 3672 rum
160 3570 326 3661 breviora:
344 3593 521 3674 filamentir
543 3568 695 3670 alternisj
721 3591 839 3676 sep'alis
861 3591 1032 3677 oppositis,
1061 3600 1173 3654 versus

15 3785 19 3791 Ι
68 3705 157 3770 basin
180 3706 328 3787 drlatatis,
350 3707 476 3787 liberis;
496 3707 636 3771 alternis
654 3707 769 3793 petalis
791 3707 961 3795 oppositis,
985 3703 1026 3769 ad
1046 3687 1187 3770 tertiam⁴

67 3815 281 3903 longitudinis
290 3830 426 3913 partem
446 3840 548 3907 usqua
568 3822 635 3886 illis
656 3821 803 3900 adratis,
831 3821 1047 3886 filiiormibus.
1091 3801 1193 3883 An·-

68 3937 220 4001 theras
242 3936 513 4041 suburbieulatae,
534 3937 604 4003 basi
625 3939 761 4002 excisae.
800 3933 1008 4025 Squamae
1030 3943 1174 4035 neptas

57 4048 222 4113 sileres
244 4045 276 4131 5,
298 4049 384 4115 inter
405 4051 541 4116 stamina
562 4036 690 4141 petalis
697 4052 842 4141 opposite
863 4062 899 4121 et
919 4051 1072 4134 germine,
1095 4048 1181 4110 sub-'

68 4165 260 4251 quadratae,
292 4183 405 4230 versus
433 4166 553 4253 apicem
575 4170 689 4255 perani
711 4169 926 4250 angustiores,
954 4163 1015 4227 rix
1035 4168 1172 4249 retusae,
1262 4196 1266 4201 ·

830 4273 899 4342 13*
