2564 4724
383 166 844 313 Ct.1x5unneanuria.
922 172 925 181 ¹
1026 265 1031 274 ,
1119 188 1168 262 91

19 400 21 409 '
108 387 240 462 baseos
263 397 405 485 aperto,
432 381 582 483 petiolis
607 379 888 486 semiteretibus
907 396 1021 491 supra
1045 382 1169 481 planis

108 519 241 595 subtus
263 517 440 608 sulcatis,
466 516 646 616 panicula
667 513 820 605 foliata,
845 513 992 615 calycis
1015 514 1170 594 laciniis

106 649 289 748 allipticis
313 647 467 724 obtusis.
520 671 526 691 ¹
916 694 919 701 ·

75 846 83 854 ,
140 782 208 849 Rh.
237 779 489 867 Rhaponticum.
546 760 657 844 Wiltu.
687 777 780 862 Spec·
804 774 925 862 pull.
956 801 992 862 p.
1022 773 1100 845 488.
1126 804 1172 829 ··-

185 898 320 984 Spreng.
343 897 432 982 Syst.
453 917 523 980 νος.
545 896 590 961 Π.
612 919 647 982 Ρ.
661 884 746 961 272.
761 894 825 972 Nu.
848 891 881 956 5·
903 925 948 940 -·
975 893 1059 961 Pau.
1081 899 1118 960 it.
1141 895 1170 960 I.

184 1038 219 1099 p.
245 1009 322 1077 380.
673 992 677 997 ι

142 1127 209 1193 Rh.
233 1124 434 1191 undulatam.
479 1125 564 1191 Pau.
587 1131 623 1190 it.
645 1124 690 1190 Π.
709 1148 747 1211 Ρ.
764 1121 844 1190 559.

143 1238 207 1310 Rh.
231 1241 406 1307 sibiricum.
433 1242 516 1308 Poll.
531 1265 583 1327 op.
601 1241 729 1306 Sievers
749 1246 782 1304 in
794 1238 878 1303 Poll.
901 1262 935 1304 n.
949 1243 1041 1306 nord.
1057 1240 1170 1325 Beytr.

185 1359 225 1423 V
221 1361 266 1423 Π.
290 1394 333 1408 -·
378 1357 494 1442 Georgi
517 1358 698 1423 Bcsclrreib·
727 1358 760 1421 d.
788 1376 870 1424 ruso.
897 1354 1016 1422 Reiclta
1046 1359 1109 1423 111.
1136 1355 1171 1421 4.

178 1498 216 1559 Ρ.
239 1472 314 1539 948.

59 1587 143 1653 Hab.
160 1589 195 1651 in
209 1589 362 1677 lapidosis
379 1589 541 1654 montium
559 1586 787 1653 demissiorum
800 1590 951 1676 frequens
965 1589 1022 1668 (L.
1034 1588 1087 1653 M.
1099 1589 1172 1671 B.);

98 1705 136 1767 in
157 1706 351 1790 planitiebus
373 1704 487 1767 nullibi
509 1705 678 1790 reperitur.
721 1705 769 1768 ΕΙ.
794 1703 869 1769 Jun.
891 1709 952 1775 ’2.ῑ.
1019 1694 1022 1699 ’

19 1868 22 1875 .
142 1802 232 1883 Haec
252 1821 345 1881 unica
367 1828 417 1880 est
440 1819 564 1901 species
584 1819 619 1880 in
641 1820 805 1882 montibus
827 1820 948 1882 altaicis
969 1820 1172 1904 proveniens,
1250 1845 1254 1853 ·

58 1956 118 1998 nec
150 1957 214 2018 quo
244 1955 264 1994 a
293 1930 363 1995 Rh.
393 1931 667 2017 Rhapontico
702 1930 847 2012 differat,
880 1932 986 1996 video.
1038 1933 1174 2002 Radix

59 2070 183 2128 crassa,
210 2046 396 2133 multiceps,
426 2047 514 2110 intus
544 2057 685 2110 cruenta.
732 2041 879 2109 Gaulis
905 2044 1173 2135 3-4-pedalis,

12 2196 15 2201 ¹
58 2167 213 2243 foliosus,
239 2165 347 2245 junior
366 2162 561 2249 puberulus,
585 2154 718 2224 demum
740 2139 975 2242 subglabratus,
999 2164 1105 2229 colore
1126 2171 1175 2232 al-

58 2279 136 2344 bida
151 2281 212 2343 'vel
234 2277 352 2364 pallide
372 2281 562 2342 latescente.
607 2275 731 2339 Folia
753 2281 914 2342 radicalia
936 2280 1051 2364 ampla,
1074 2283 1175 2367 peda.

60 2397 123 2474 lia,
152 2392 384 2482 sesquipedalia
407 2395 462 2459 val
484 2377 629 2474 longiora
659 2403 692 2455 et
719 2389 866 2473 ejusdem
889 2393 1011 2458 circiter
1030 2397 1176 2464 latitudi-

60 2513 124 2591 nis,
139 2510 429 2597 circumscriptione
446 2510 691 2587 suborbiculata,
707 2508 777 2572 basi
792 2507 938 2575 cordata:
961 2511 1034 2574 sinu
1051 2530 1173 2602 aperto,

62 2629 208 2708 margine
229 2623 454 2704 subundulata,
477 2624 702 2703 obtusiuscula,
726 2645 824 2711 supra
838 2626 958 2707 glabra,
982 2630 1093 2696 subtus
1108 2655 1176 2697 non

64 2745 170 2808 solum
192 2743 225 2803 in
247 2742 360 2821 venis,
387 2739 444 2803 sed
466 2742 585 2825 ubique
607 2740 683 2827 pilis
711 2741 862 2805 brevibus
881 2739 1050 2829 adspersa,
1081 2748 1177 2832 longe

63 2859 232 2946 petiolata:
260 2855 382 2941 peticlo
404 2855 599 2934 semitereti,
628 2874 725 2939 supra
747 2856 862 2938 plano,
885 2860 1013 2938 angulis
1035 2865 1176 2928 acutius·

64 2975 146 3038 culis
167 2972 355 3051 marginato,
374 2971 492 3049 ,subtus
513 2970 655 3051 sulcat03
674 2972 812 3048 cautino,
834 2990 898 3055 quo
920 2973 1014 3040 altius
1034 2977 1069 3042 in
1087 2982 1178 3046 caule

63 3090 171 3178 posita
193 3098 278 3166 sunt,
301 3107 340 3150 eo
362 3086 497 3164 minora,
520 3085 664 3167 longiora
679 3103 776 3168 quam
798 3085 874 3169 lata,
895 3088 1004 3155 minus
1020 3095 1132 3161 obtusa
1145 3108 1179 3161 et
1203 3088 1206 3093 ’

63 3205 187 3294 petiolo
216 3202 355 3267 breviori
384 3194 578 3281 insidentia,
608 3219 776 3285 suprema,
809 3221 893 3288 qnae
919 3203 1179 3277 inflorescentiae

63 3318 174 3387 ramos
203 3318 411 3398 suffulciunt,
446 3327 522 3379 ante
550 3316 713 3379 seminum
742 3318 962 3385 maturitatem
989 3322 1179 3415 plerumque

65 3432 211 3501 decidua.
256 3432 457 3499 Panicula
478 3430 801 3518 supradacomposila,
824 3430 1071 3517 consuerentur.
1104 3440 1180 3506 Ga.

64 3551 177 3637 lycia
197 3548 333 3612 laciniae
355 3549 530 3635 allipticae,
553 3549 702 3630 obtusae,
725 3548 887 3632 integra03
916 3552 1060 3621 alternae
1081 3556 1179 3647 duplo

64 3669 223 3732 minores.
257 3661 479 3754 Caryopsis
500 3686 559 3751 pro
581 3685 671 3727 more
687 3664 815 3747 generis
832 3667 1181 3742 membranaceo-mar-

66 3783 195 3868 ginata:
219 3784 279 3847 olis
300 3779 390 3868 apice
411 3791 444 3844 et
459 3781 529 3846 basi
550 3780 679 3861 excisis,
701 3781 826 3846 semine
846 3781 920 3873 ipso
934 3790 1180 3872 angustioribus.

305 4004 308 4022 Ι
334 3924 372 4009 2)
403 3924 528 3994 Rnrou
551 3949 799 3995 unucouruzuu.
830 3927 916 3997 Poll.

68 4055 142 4134 Rh.
178 4054 284 4131 foliis
318 4055 503 4135 coriaceis
535 4073 751 4138 transverse
777 4058 959 4161 allipticis
989 4062 1180 4139 obtusissi-

121 4186 200 4269 mis
224 4187 348 4287 planis
372 4188 515 4293 glabris
540 4194 717 4293 margine
743 4190 1016 4289 conuentura,
1033 4194 1182 4296 petiolis
