2564 4724
416 224 475 305 ot.
501 186 586 300 xit.
636 227 867 342 leonandnin.
988 288 992 303 .
1125 168 1231 306 21³⁴

474 435 505 480 a.
549 414 810 481 Fruticosue.

305 568 340 652 1)
367 568 513 636 Semnus
534 594 846 639 cususrnsnroma.
879 572 977 637 Lirm.

81 703 146 800 Sp.
174 697 382 790 fruticosa,
415 701 519 778 foliis
549 701 859 807 ovato-oblongis
892 698 1196 801 subpubesceuti·

134 832 203 908 bus
224 832 386 932 integris
410 835 479 908 vel
496 833 542 909 ab
564 837 674 934 apice
695 835 743 912 ad
765 832 939 911 medium
958 834 1006 910 3-
1024 830 1195 909 5-7·in-

135 961 420 1055 diso-dentatis,
447 959 943 1068 corymltispsdunculatis.

112 1132 115 1145 ·
166 1095 223 1182 Sp.
247 1093 528 1178 chamaedrylolia.
574 1097 682 1167 Wstttt.
706 1098 798 1185 Spes.
826 1101 873 1184 pl.
895 1092 947 1164 II.
976 1119 1009 1181 p.
1031 1091 1128 1161 1058.
1150 1124 1194 1143 -

208 1211 342 1295 Spreug.
372 1210 458 1294 Syst.
487 1236 557 1295 veg.
588 1210 637 1278 ΙΙ.
668 1190 700 1300 p.
724 1212 800 1280 ⁵02.
831 1214 898 1280 No.
918 1212 951 1279 4.
971 1242 1016 1256 -·
1047 1212 1193 1276 Decund.

206 1326 323 1390 Prodr.
345 1321 394 1388 H.
412 1353 449 1413 p·
462 1327 536 1409 542.
558 1329 622 1394 No.
636 1330 669 1395 6.
692 1328 739 1378 -'
756 1331 839 1394 Pau.
863 1329 913 1394 Εἰ.
936 1348 1015 1393 ross.
1038 1323 1069 1391 1.
1090 1327 1192 1414 p.32.

205 1453 230 1506 t.
252 1442 334 1506 XV.
357 1475 400 1491 -
427 1444 541 1509 Besser
559 1443 620 1509 En.
642 1450 689 1531 pt.
712 1446 753 1512 V
749 1452 811 1512 ollt.
828 1470 865 1531 p.
890 1442 944 1510 18.
965 1443 1031 1509 Νο.
1052 1440 1127 1506 588.
1262 1526 1265 1539 Ι

163 1556 297 1645 Spiraea
317 1558 406 1623 foliis
428 1561 564 1642 oblongo
586 1563 708 1641 ovatis,
737 1581 832 1648 snpra
854 1579 951 1647 saepe
971 1557 1107 1623 manetis
1128 1576 1191 1644 ps-

204 1670 350 1736 dunculis
388 1675 595 1760 simplicibus.
652 1676 753 1742 Gmel.
783 1677 832 1741 m.
860 1679 922 1743 sib.
950 1668 1019 1738 ΠΙ.
1052 1697 1089 1761 p.
1113 1669 1187 1737 18⁹.

201 1787 266 1851 No.
289 1787 347 1852 49.

161 1900 291 1990 Spiraea
320 1893 560 1988 chamaedrpos
592 1904 690 1969 foliis.
743 1902 900 1968 Ammon.
931 1907 1015 1967 ruth.
1044 1927 1081 1988 p.
1109 1899 1185 1966 190.

201 2021 266 2084 No.
287 2019 364 2084 269.

75 2135 161 2205 Hab.
181 2136 310 2223 copiosa
331 2134 455 2199 tamin
477 2137 715 2224 campestribus,
736 2155 834 2222 quam
854 2136 888 2198 in
910 2131 1067 2197 montosis
1088 2147 1186 2216 rupe-

117 2253 234 2316 stribus
256 2250 313 2336 (L.
337 2250 390 2317 M.
414 2251 484 2336 B.).
507 2287 550 2300 -
578 2251 666 2331 Maio
685 2251 800 2316 florere
820 2250 941 2336 incipit,
964 2249 1068 2313 serius
1088 2265 1186 2333 quam

116 2368 180 2456 Sp.
203 2368 588 2454 hypericifoliaen.
627 2373 674 2446 ᾖ.
946 2373 949 2380 “

161 2483 325 2553 Gmeiinus
346 2488 366 2546 l.
390 2507 416 2547 o.
448 2486 555 2569 plures
587 2483 782 2548 confundere
808 2479 936 2546 videtur
963 2479 1104 2565 species,
1128 2475 1185 2546 'uti

74 2621 108 2666 τ.
126 2576 153 2662 c
169 2599 231 2685 Sp.
254 2599 570 2684 hypericifoliae
591 2603 773 2679 varietates,
794 2617 931 2684 quarum
952 2596 1048 2674 hanc,·
1067 2613 1183 2680 quam·

72 2717 125 2780 sis
146 2725 195 2778 set
216 2715 377 2799 copiosam
397 2714 573 2795 insistitis,
596 2718 733 2780 minimo
752 2711 893 2793 indicat;
914 2722 991 2776 sunt
1011 2712 1044 2775 ei
1064 2728 1183 2796 nempe

72 2834 95 2896 5
126 2818 253 2892 tantum
279 2822 401 2915 species
429 2831 634 2895 fructicosas:
665 2834 731 2919 Sp.
760 2827 1021 2911 sslicifplia,
1050 2825 1181 2889 ulmi·

71 2945 203 3024 solia,
231 2928 616 3030 chamaedryfolia,
646 2946 851 3009 trilobata
873 2951 907 3004 ct
935 2940 1176 3005 sorbifolis.

70 3059 187 3126 Discus
206 3062 386 3143 interdum,
415 3063 479 3125 ictu
509 3061 738 3125 verosimiliter
768 3059 984 3135 insectorum,
1016 3054 1177 3135 tumescit,

71 3197 221 3243 carnosus
246 3177 303 3255 fit,
331 3191 427 3266 atque
455 3198 528 3241 cum
556 3176 672 3258 calycis
699 3185 789 3262 parte
816 3171 968 3238 inferiore
998 3171 1182 3234 coalescens*

69 3295 152 3357 hanc
172 3293 338 3379 extendit,
369 3308 438 3359 tum
460 3295 594 3357 omniuo
617 3293 756 3355 formam
779 3290 926 3355 similans
947 3288 1066 3351 tructus
1087 3283 1176 3351 Ro-

69 3429 141 3475 uae
167 3412 221 3475 vol
249 3409 358 3496 Pyri.
410 3394 486 3474 Flos
514 3413 575 3473 hac
604 3406 843 3471 monstrositate
872 3427 940 3470 non
967 3398 1175 3489 expanditur,

69 3526 186 3609 calycis
207 3537 376 3608 segmento
395 3526 435 3590 ad
455 3528 555 3590 instar
577 3524 748 3590 coronulae
769 3522 912 3609 inspice
933 3530 1089 3585 coarctato
1110 3520 1175 3583 hu-

67 3644 130 3721 jus,
154 3651 189 3702 ut
202 3641 247 3702 its
262 3639 376 3721 dicum,
398 3644 523 3728 pomuli
544 3652 656 3724 tegunt
675 3638 783 3728 petala
805 3648 839 3703 st
857 3639 996 3703 stamina
1018 3636 1172 3701 abortiva.

68 3753 192 3820 Ovarie
213 3775 285 3819 cum
313 3757 407 3840 stylis
429 3759 498 3823 basi
519 3759 639 3823 urceoli
661 3758 780 3821 inserta
808 3754 841 3818 et
860 3755 920 3818 illo
941 3753 1064 3817 inclusa
1085 3761 1172 3816 sunt.

67 3867 164 3954 (tuas
193 3869 328 3933 cumin
357 3870 441 3934 sicco
469 3883 594 3937 tentum
621 3873 807 3938 examinare
835 3870 953 3952 licuit‚'
978 3869 1062 3933 nihil
1088 3867 1174 3929 ultra

66 3982 173 4073 quoad
194 3984 440 4051 coalescentiam
462 4009 535 4052 cum
556 3986 644 4053 disco
664 3991 832 4076 calycsque
859 3985 1041 4054 incrassatis
1061 3986 1174 4047 obsur-

65 4123 143 4168 vare
164 4101 267 4190 potui.
308 4100 359 4166 En
381 4101 492 4184 igitur,
520 4124 604 4190 quae
631 4103 666 4168 in
691 4104 908 4170 Pomaosis
937 4113 972 4165 et
995 4098 1171 4179 Roseis,

68 4240 190 4299 norma,
212 4219 267 4281 illa
280 4218 334 4285 hic
355 4219 429 4282 lusu
445 4230 577 4287 naturae
588 4216 728 4315 quodam
742 4219 918 4301 adaugetur
933 4236 1015 4303 pass,
1033 4217 1173 4280 fructus-
