2564 4724
90 217 170 292 414
410 215 470 294 cr.
497 217 599 295 xrv.
651 212 906 318 uiaynamu.

144 472 149 485 ,
180 406 294 474 Planta
316 425 334 466 a
354 403 443 470 Phi.
465 405 664 470 tuberosa
684 399 906 468 diversissima
928 398 1070 472 ratlice
1089 406 1207 495 fibnesr
1236 406 1239 459 ἰ

75 527 156 595 ’που
177 526 347 602 tuberum,
374 520 498 585 caule
517 541 645 607 semper
664 517 814 605 simplici,
836 519 910 608 pilis
930 521 1085 587 mullibus
1104 516 1208 613 pube-
1235 514 1239 599 ἶ

96 652 204 710 scente
233 659 291 701 nec
319 638 446 719 glabro3
473 635 607 700 foliis
634 635 831 700 radicaliter
851 635 1077 723 amplissimis,
1105 616 1239 705 utriu-¹¹

96 780 159 849 que
180 756 321 821 molliter
342 751 590 838 pubescentibus
619 761 653 813 et
682 762 871 832 tegumento
898 754 1101 837 bractearum
1122 754 1210 837 caly-

96 877 216 960 cisqus.
267 867 294 933 12
301 868 384 931 olia
409 868 549 950 floralia
575 865 688 929 infima
716 866 856 948 sessilis,
888 868 1209 975 oremflaneenlete,

95 1001 206 1072 argute
228 996 357 1063 serrata,
381 995 482 1063 acuta,
505 992 582 1044 tunc
603 981 790 1063 angustiora
812 983 896 1047 fiunt
917 993 952 1047 et
972 980 1128 1049 (lentibus
1150 982 1218 1051 ‹le--

94 1108 286 1179 stituuntur,
313 1099 359 1162 ita
383 1109 421 1162 ut
446 1101 514 1178 jam
535 1100 595 1160 sub
618 1107 731 1183 quarte
754 1097 909 1185 quintoye
929 1098 1093 1165 verticillo
1121 1099 1209 1165 inte-
1238 1092 1241 1117 ⁵

95 1223 232 1307 gerrima
260 1215 344 1291 sint,
375 1212 425 1294 1}
454 1214 512 1277 liu.
534 1214 599 1276 lata
622 1224 654 1276 et
674 1213 697 1277 2
717 1215 797 1300 poll.
818 1214 925 1296 longa.
970 1211 1108 1299 Gelyx
1136 1237 1207 1280 am-

93 1337 290 1426 pliusculus:
313 1330 461 1394 dentibus
481 1330 928 1416 mucronato-pungentibus,
951 1328 1078 1395 erectis.
1124 1328 1206 1396 ὓσ-

92 1455 204 1521 rolla
225 1452 348 1527 major,
372 1465 469 1533 quam
489 1445 524 1507 in
546 1442 635 1508 Phl.
658 1448 875 1525 tuberosa,
899 1455 1058 1509 structura
1078 1446 1204 1512 interna

93 1568 218 1647 eedem,
240 1563 297 1630 sei
319 1560 457 1623 annulus
477 1557 619 1645 pilorum
640 1557 839 1641 irregularis.
882 1559 1123 1625 Filamenta
1138 1563 1204 1627 vil·

92 1662 181 1766 loaa3
203 1676 406 1778 superiorum
423 1673 608 1739 breviorum
623 1674 817 1763 appendices
830 1675 933 1758 magis
952 1676 1118 1761 incurvae,
1136 1678 1203 1743 iere

93 1804 232 1887 glabrae.

248 1961 327 2033 aas.
368 1902 793 2041 caenomanica
819 1955 945 2027 susas.
973 1955 1048 2045 (a.)

194 2094 321 2195 ceryx
336 2074 721 2180 infunauuuformn,
742 2054 882 2165 colona
903 2091 1090 2192 amplior:
1116 2093 1203 2174 aas

92 2234 194 2330 tibus
228 2229 251 2306 5
259 2266 271 2320 ,
303 2225 515 2325 spinulesis.
578 2219 731 2298 Corolla
767 2224 809 2317 ξε
842 2222 951 2324 galea
983 2223 1200 2305 villose.0i.

92 2369 206 2459 liata3
239 2359 339 2437 labio
374 2356 557 2432 inferiore
591 2352 784 2451 replicato.
835 2350 1079 2433 carunculae
1110 2361 1200 2435 tin

92 2499 183 2575 tubo
209 2496 323 2584 sitae,
356 2491 503 2590 stylum
528 2500 636 2563 arcte
660 2487 951 2584 amplectentes,
973 2487 1200 2574 fimbriatis.

51 2641 57 2648 '
93 2628 306 2732 Caryopses
331 2621 369 2715 ll,
396 2621 504 2717 apice
530 2595 716 2695 comatae.
812 2710 815 2714 Δ

279 2764 313 2841 1)
351 2768 616 2827 Earuosrscuus
638 2780 860 2824 ruuouornrs.
893 2760 1012 2846 Buage.

89 2889 135 2967 E.
161 2885 295 2984 calyce
317 2876 520 2977 5-spin0so
548 2876 649 2950 hirto
675 2876 849 2953 bracteas
878 2879 1048 2978 spinosas
1073 2896 1197 2983 paten-

138 3032 194 3092 tes
220 3025 417 3112 aequante,
443 3007 672 3113 genitalibus
698 3008 867 3085 inclusis.

172 3148 210 3213 E.
240 3142 454 3233 phlomoides.
504 3141 624 3206 Ledeb.
652 3139 698 3204 Ic.
725 3143 772 3225 pl.
800 3139 848 3206 at.
877 3140 957 3210 ress,
992 3148 1051 3210 ult.
1080 3150 1196 3213 illustr.

213 3273 238 3329 r.
263 3259 336 3324 122.

86 3376 171 3442 Hab.
191 3375 354 3438 rarissima
369 3374 405 3437 in
426 3372 505 3435 locis
526 3368 680 3435 subsalsis
702 3366 822 3433 deserti
835 3371 998 3436 montibus
1014 3356 1146 3439 Arlaul
1166 3385 1196 3439 et

129 3490 316 3556 Dolenkara
338 3488 510 3569 adjacentis
533 3481 627 3571 (Mu)
656 3482 705 3548 ΕΙ.
730 3480 828 3564 Maju.
868 3491 919 3557 a.

172 3605 305 3672 Radix
326 3603 487 3689 simplex,
517 3600 658 3665 crassitie
679 3619 805 3685 pennae
826 3600 1005 3668 anserinae.
1051 3598 1195 3668 caulis

85 3719 306 3806 sumpsistis,
330 3719 445 3797 hirtus,
467 3737 633 3786 ramosum
654 3716 752 3780 ramis
769 3715 921 3781 omnibus
932 3716 1097 3784 floiil'eris.
1126 3717 1196 3784 ltn-

86 3853 472 3875 W

118 3935 148 4004 *)
182 3931 294 3987 Nomen
311 3929 346 3984 ab
363 3923 461 4002 ερῆμος
478 3943 505 3988 et
523 3953 609 4002 ςαχυς.

223 4029 320 4086 Genus
345 4031 544 4087 intermedium
569 4033 645 4090 iuter
667 4032 866 4092 Phlomida
890 4044 918 4091 et
941 4033 1194 4107 Melucellam,

151 4132 218 4185 satie
233 4131 375 4185 diversum
392 4129 427 4185 ab
445 4140 572 4203 utraque,
589 4131 678 4204 priori
696 4144 790 4192 tamen
807 4145 835 4192 et
851 4134 974 4193 corollae
984 4137 1195 4215 summumque

150 4237 292 4288 structura
310 4232 420 4290 iuterna
437 4241 466 4288 et
482 4229 581 4288 habitu
597 4232 726 4307 propius.
