2564 4724
380 185 439 264 Cl.
465 188 566 263 XIII.
616 189 857 291 Polyundrics.
1108 195 1186 271 313

80 374 136 440 hic
157 366 280 462 species
302 374 395 439 tertie
416 375 584 463 hucusque
606 396 679 440 cum
700 352 772 443 eliis
794 378 925 443 confuso
947 378 1042 460 latet,
1063 399 1184 467 quaen

80 491 121 556 R.
146 490 509 596 plantaginilolio
540 492 696 557 fohorum
715 496 837 574 forme
859 491 941 559 nR.
966 490 1207 576 cymbala-1

79 607 165 670 riae
189 607 307 683 corolla
326 572 521 693 bolypstalo'
533 606 659 672 differre
680 605 818 674 ridetur

131 721 288 806 Scupi
310 742 383 785 com
404 722 559 804 flagellis,
589 723 718 812 petiolis
741 734 774 788 et
795 723 882 789 soliis
903 725 1094 812 plerumque
1115 725 1186 799 bir-

80 837 166 901 sutis
186 834 291 898 albida
311 836 591 926 patulasdspers1‚
613 841 714 905 rarius
735 838 930 922 glebsrrimi.
959 838 1071 903 Folia
1091 852 1186 905 ovete

79 953 135 1018 vel
156 951 305 1038 elliptice‚
327 953 397 1017 bosi
417 955 587 1018 rotundato
601 957 656 1020 vel
677 951 874 1032 subcundum,
895 956 1195 1043 epiceplerumqos,
1256 931 1260 941 Ι

81 1067 254 1133 tridentata
277 1069 327 1148 (in
349 1071 458 1155 plenta
482 1071 566 1132 culte
589 1090 653 1135 non
675 1090 746 1136 roro
768 1071 1066 1158 quinquedentrts),
1086 1072 1186 1136 rarius

68 1184 309 1266 -intsgerrima3
331 1182 478 1247 dsntibus
496 1206 579 1247 nnnc
596 1185 867 1272 profundioribus,
889 1208 975 1250 nunc
990 1185 1096 1250 minos
1110 1208 1187 1274 pro-

81 1300 210 1381 fundis3
233 1297 328 1363 dente
347 1296 536 1362 intermedio
558 1321 685 1388 semper
701 1307 833 1382 majore.
868 1302 992 1388 Scupi
1013 1301 1070 1384 (in,
1077 1303 1187 1388 plenta

82 1412 273 1502 spontanea)
294 1416 483 1502 plerumque
505 1404 612 1497 crecti,
633 1419 737 1482 rarius
750 1417 968 1500 adsurgentes,
990 1416 1120 1483 uniflori
1133 1418 1187 1481 vel

81 1531 198 1612 biflori‚
219 1529 299 1595 nudi
318 1532 374 1596 rsl
394 1528 561 1620 bracteolis
583 1552 648 1596 uno
669 1531 836 1598 duobusve
852 1533 1097 1599 sublunceolotit
1118 1553 1188 1597 ses-

83 1647 197 1712 silibus
223 1646 278 1711 vel
300 1643 520 1731 subpetiolutis
545 1647 702 1717 instructi.
751 1649 901 1735 Sepale
922 1648 1070 1726 'rsflexe,
1096 1646 1188 1711 tarde

84 1761 231 1828 decidua.
286 1762 439 1824 Pstelu
470 1763 587 1846 sepalis
616 1763 782 1843 longiora,
815 1766 1007 1850 plerumque
1036 1762 1116 1826 6-
1135 1760 1186 1844 10,

84 1877 408 1956 obovato-oblonge,
435 1875 506 1938 basi
536 1887 718 1957 attenuata,
747 1879 837 1963 apice
864 1879 1055 1964 plerumque
1074 1890 1189 1945 rotun..

82 1992 175 2074 data,
197 1992 299 2055 rarius
320 1988 534 2071 emergineta,
556 2010 669 2065 curso,
693 1991 728 2053 in
749 1990 814 2055 ime
836 1993 906 2054 basi
927 1994 1064 2057 foveolu·
1079 2004 1188 2065 necte·

81 2111 185 2175 risere
206 2119 240 2170 et
267 2107 436 2193 squamuls
466 2105 590 2168 minute
620 2115 722 2170 aucte.
769 2103 1063 2193 Gynophorum
1090 2106 1188 2173 dense

81 2227 246 2293 villosum.
292 2221 476 2307 carpello
497 2220 590 2284 venis
611 2221 750 2305 obliquis
772 2221 884 2284 crassis
907 2233 1028 2284 costeta
1050 2234 1191 2310 et-pun-¹

84 2338 141 2408 ctis
162 2337 296 2404 minutis
316 2336 482 2424 impressis
504 2327 623 2400 not'ata.
669 2333 810 2419 Stylus
826 2347 877 2400 sat
897 2338 1023 2418 longus,
1046 2340 1115 2403 bosi
1137 2340 1195 2417 diff

83 2461 215 2537 lotatus,
245 2454 334 2543 spice
356 2454 505 2516 oncineto
527 2462 743 2515 marcescente
765 2453 977 2526 terminatus,
999 2432 1096 2539 quere
1119 2476 1188 2520 cor-

81 2575 168 2663 pslla
188 2583 313 2636 motura
340 2544 528 2656 plerumque
548 2589 702 2631 mucrone
723 2579 808 2632 rscto
832 2573 912 2647 (non
936 2569 1101 2650 oncinoto)
1122 2583 1189 2637 ter-

81 2690 205 2754 minate
226 2697 311 2750 sont.
355 2684 508 2747 Semen
531 2695 682 2764 erectum,
705 2695 862 2748 structure
884 2685 1021 2765 generis.
1095 2748 1101 2756 ,

167 2802 200 2865 Α
215 2801 256 2866 R.
273 2797 557 2880 Cymbalariae
573 2810 699 2881 *stature
720 2804 843 2879 majore
864 2811 898 2862 et
918 2798 1080 2881 rigidiore,
1100 2796 1189 2868 foliis

80 2917 286 2997 firmioribus,
301 2915 416 3001 pstoIIs
430 2913 702 2976 numerosioribus
713 2914 854 2995 calycem
864 2916 1189 3000 superantibushoud

82 3033 317 3118 unguiculetis,
344 3049 405 3093 nec
427 3049 491 3091 non
520 3028 667 3113 capitufls
687 3029 858 3092 fructiferis
880 3030 1081 3110 subglobosis
1101 3034 1188 3112 (non

85 3151 250 3233 oblongis)
271 3146 349 3212 sotis
370 3143 548 3208 distinctus.
676 3172 689 3189 ··

274 3331 311 3417 8)
342 3331 567 3399 Rsuoucnnos
590 3328 845 3407 Crotoniensem
874 3330 988 3396 Pursb.
1076 3318 1080 3327 ¹

81 3501 129 3580 ll.
154 3494 420 3598 flagellifecus,
453 3491 557 3569 foliis
581 3491 763 3575 omnibus
780 3481 1011 3567 radicalibus
1036 3491 1190 3590 petiole·

95 3617 104 3635 '
134 3630 185 3706 tis
208 3625 584 3729 submcmbrennceis
609 3623 831 3729 orbiculatis
856 3622 1081 3721 ellipticisve
1102 3622 1190 3700 'sub-
1268 3678 1274 3685 -

136 3758 301 3857 cordatis
324 3759 541 3835 cuneatisve
566 3755 760 3834 dentatis
747 3753 928 3830 rnoisisre
949 3760 1040 3873 cuni
1067 3757 1190 3867 sc'cp'i's

138 3893 224 3968 1·-
234 3892 283 3968 8-
291 3890 397 3967 floris
423 3888 560 3968 erectis
585 3888 820 3992 subglabris',
844 3885 978 4005 petalis
1003 3884 1190 3987 unguicu-

134 4024 224 4101 lntis
248 4026 375 4125 sepulc
399 4023 655 4126 glabriusculo
688 4020 832 4127 ‹lellsxa
863 4002 1206 4139 subsequentibus*
1236 4048 1239 4055 ·

140 4157 318 4256 carpellis
343 4159 442 4260 stylo
467 4155 578 4234 brevi
602 4118 852 4271 subuncinato
879 4147 1172 4259 spiculatis
