2564 4724
77 220 129 299 se
216 178 223 191 ”
406 215 465 295 οι.
491 215 594 295 v111.
646 206 865 294 coronaria.

162 380 197 472 A
217 405 253 471 1’.
277 405 487 470 ariculeri
517 414 585 467 toto
612 406 723 469 habitu
744 403 1011 471 diversissimum.
1054 402 1189 473 Fructus

78 533 221 610 maturos
243 544 311 586 non
333 520 412 586 vidi.

268 688 269 693 ¹
320 692 383 777 ,13)
416 693 626 759 Porsennam
649 683 874 772 srsrcruffl)
906 702 953 756 m.

80 822 118 895 P.
147 823 256 897 ceule
289 837 414 899 erecto
447 822 643 921 ramisque
672 823 838 914 strictis,
870 818 1028 895 floribus
1058 844 1192 898 versus

55 951 58 956 ’
132 954 282 1058 apicem
314 954 436 1036 caulis
466 979 742 1054 ramorumque
773 951 1001 1044 racemosis,
1039 949 1191 1051 stipulis

130 1084 354 1162 tenuissime
396 1088 593 1180 laceratis,
632 1087 737 1167 foliis
776 1087 935 1189 oblongo
951 1131 968 1147 ·
981 1084 1192 1162 linearibus
1223 1165 1226 1169 ,

127 1218 331 1297 sensilibus.

163 1350 201 1417 Ρ.
224 1352 380 1418 strictum.
421 1355 542 1420 Ledeb.
555 1354 600 1419 lc.
616 1351 732 1440 past.
755 1372 837 1418 ross.
860 1354 917 1415 alt.
940 1354 1055 1416 illustr.
1075 1346 1191 1416 ΗΜ.
1222 1353 1225 1357 ’

79 1463 162 1531 Har.
183 1467 219 1530 in
242 1468 357 1554 apricis
376 1468 561 1535 siccioribus
587 1489 689 1557 prope
714 1488 834 1554 pagum
855 1465 957 1549 Sagra
988 1477 1021 1528 et
1046 1467 1079 1530 in
1103 1487 1208 1530 cam-·

121 1583 282 1667 pestribus
308 1581 550 1661 demissioribus
576 1583 679 1649 adfl.
701 1583 896 1647 Buchtorma
924 1585 1078 1668 frequens
1098 1579 1192 1665 (L.);

121 1697 222 1760 rarior
242 1698 278 1763 in
299 1700 443 1773 arenosis
463 1721 568 1788 prope
587 1696 840 1782 Loktewsk(B
841 1696 941 1782 .)Fl.
964 1698 1051 1779 Aug.
1078 1703 1126 1770 Θ.

166 1809 321 1878 Gaulis
342 1810 536 1901 subpedalis,
559 1815 666 1880 stricte
688 1825 823 1894 erectus,
844 1834 961 1900 parum
983 1836 1077 1900 supra
1098 1816 1194 1877 basin

80 1924 120 1989 ad
142 1929 266 2014 apicem
293 1949 398 2013 usque
423 1950 591 2009 ramosus,
623 1929 764 1994 strictus.
809 1928 926 1993 Remi
955 1931 1117 2016 simplices
1139 1933 1195 1994 vel
1230 1984 1233 1991 .

78 2044 208 2108 ramulo
231 2067 294 2108 uno
314 2046 459 2107 alterove
481 2046 575 2122 aucti,
599 2057 903 2130 erecto-patentes,
927 2046 1095 2131 superficie
1118 2069 1196 2111 cau-

79 2158 145 2233 lis„
182 2161 375 2245 Stipulae
405 2163 683 2241 membraqaceae¹
718 2162 788 2222 basi
818 2164 943 2238 fuscae,
974 2162 1121 2225 maxima
1151 2186 1198 2229 ex

83 2303 282 2317 m-

98 2381 128 2448 t)
164 2378 277 2450 Species
295 2378 360 2430 huic
375 2380 505 2452 proxime
522 2376 622 2453 affines
639 2379 821 2450 sequentibus
838 2378 912 2432 notis
928 2376 1152 2447 dignoscunturr

387 2499 602 2554 'Ponueouuru
622 2499 792 2560 Bennannr.
819 2498 879 2553 Ait.

123 2599 161 2664 P.
186 2601 276 2662 caule
298 2611 403 2663 erecto
424 2622 571 2664 ramoso:
603 2602 700 2664 ramis
721 2603 852 2686 patulis
871 2600 1004 2662 floribus
1026 2602 1060 2664 in
1084 2626 1195 2670 ramo-

165 2726 237 2767 rum
260 2705 352 2789 apice
374 2704 614 2775 subracemosis,
638 2705 765 2789 stipulis
786 2708 871 2767 ultra
893 2701 1036 2768 medium
1058 2711 1195 2772 multifi-

166 2806 225 2884 dis,
247 2808 336 2869 foliis
358 2808 507 2886 oblongis
527 2807 561 2868 in
585 2808 745 2892 petiolum
764 2808 948 2876 attenuatis.
1023 2835 1025 2839 ⁷

200 2919 405 2992 Caryopses
421 2922 539 2994 (quasa
559 2916 592 2972 cl.
611 2916 756 2988 Meisner,
773 2921 871 2976 nescio
882 2939 944 3002 ,que
956 2920 1074 2989 ratione,
1092 2923 1193 2978 ecbe-

114 3019 175 3075 nia
198 3027 348 3088 vocentur)
366 3021 397 3073 in
414 3018 468 3073 hac
490 3017 597 3092 specie,
623 3018 662 3073 ita
680 3031 712 3073 nt
730 3021 761 3074 in
785 3022 818 3077 P.
837 3022 992 3087 stricto,
1017 3027 1190 3078 arenario

114 3130 141 3174 ct
159 3120 343 3175 aviculeri
360 3118 526 3175 tenuissime
542 3130 707 3190 punctatee.
725 3121 754 3174 in
773 3118 826 3175 hec
843 3119 933 3195 duplo
950 3123 1089 3192 majores,
1109 3143 1192 3198 quam

115 3220 147 3276 in
165 3221 281 3276 caeteris
299 3219 387 3274 modo
404 3219 580 3275 memoratis.

393 3339 586 3395 Ponreouurc
605 3353 797 3393 sarranium.
820 3337 886 3391 Ka.

124 3439 161 3506 P.
185 3444 276 3504 ceule
293 3440 450 3507 diclinato
471 3463 619 3507 ramoso:
649 3442 749 3504 ramis
771 3438 972 3516 divaricatis,
1002 3441 1137 3506 floribus
1159 3444 1193 3506 iu

166 3564 310 3609 racemos
328 3546 513 3632 periculam
531 3543 733 3611 terminalem
754 3544 918 3635 ephyllam
932 3545 1108 3611 formantes
1126 3545 1194 3611 dis·

163 3648 289 3737 positis,
312 3650 438 3736 stipulis
454 3649 643 3712 tenuissime
660 3646 819 3724 laceratis,
840 3647 928 3712 foliis
951 3649 1100 3732 oblongis
1120 3673 1193 3717 ver-

117 3827 120 3831 .
165 3767 221 3813 sus
243 3750 341 3813 basin'
354 3752 454 3833 ,longe
475 3749 659 3814 attenuatis.

391 3889 584 3946 Pourcounu
602 3904 783 3946 succurras.
807 3889 901 3948 Lirin.

124 3988 162 4061 P.
185 3991 275 4055 caule
297 4010 339 4059 ex
366 4001 436 4053 toto
464 3994 519 4056 vel
549 3992 619 4055 basi
641 3989 818 4080 prostrato,
848 3992 981 4057 floribus
1008 4015 1068 4080 per
1094 4004 1197 4060 totam

165 4072 267 4158 caulis
289 4091 524 4174 longitudinem
546 4095 744 4175 mineribus,
768 4096 895 4185 'stipulis
916 4093 1048 4205 demum
1071 4099 1198 4177 laceris,

167 4199 254 4262 foliis
276 4196 422 4279 oblongis
442 4197 679 4286 subpetiolatis
773 4226 777 4237 ·
836 4230 840 4237 ·
