2564 4724
78 243 107 321 8
410 224 473 314 Cl'.
497 236 564 313 Vl.
615 234 850 313 Hexandria.

82 423 83 427 ‘
164 420 389 495 alaudam.
408 425 538 535 ¹setae.
560 414 606 490 ri.
626 427 673 512 pr.
695 424 744 490 Ft.
766 412 847 491 aaa.
870 427 928 492 aa.
949 427 1065 493 arsen.
1078 424 1188 529 saer.

104 541 207 612 'Hah
226 544 263 608 in
283 540 581 631 pratic‘eubalpinis
601 537 643 605 ad
661 539 823 639 sthelaja
837 539 909 608 Uba
929 536 1011 625 (L.)
1030 539 1080 609 1³1.
1101 541 1190 632 med.

185 657 253 726 Jul.
277 663 333 729 2i·.‘

164 771 321 839 Bulbus
340 774 508 856 oblongus,
529 771 725 852 reticulatus,
744 793 804 862 pro
825 770 950 837 ratione
967 773 1098 859 plantae
1116 795 1193 862 par-

83 907 155 954 vus.
188 886 338 955 Gaules
359 888 496 955 solitarii
516 889 573 954 rel
594 890 725 972 gemini,
747 887 1057 975 subsesquipedales,
1081 889 1191 973 erecti,

83 1004 231 1086 graciles,
253 1013 383 1085 teretes,
406 1004 519 1087 striati,
542 1003 628 1069 infra
648 1003 794 1072 medium
813 1002 1078 1092 2-4-pnylli‚
1100 1005 1195 1072 bacin

82 1138 196 1185 versus
218 1117 258 1184 'in
284 1117 467 1186 violaceum
496 1114 675 1204 vergentes.
718 1120 839 1187 Folia
867 1141 1000 1210 sparsa,
1029 1121 1193 1205 vaginata,

82 1232 237 1317 linearia,
256 1236 394 1320 obtusa,
416 1225 530 1303 subtus
551 1258 716 1320 convexa,
748 1238 877 1321 glabra,
909 1235 1055 1318 margine
1075 1240 1195 1321 scabra,

82 1354 144 1417 sub
179 1355 270 1431 lente
302 1348 518 1437 denticulata3
539 1327 717 1434 'inferioris
745 1356 806 1418 suh
842 1352 971 1417 antheri
1008 1353 1198 1443 plerumque

82 1450 254 1533 emarcida.
299 1464 500 1551 Vagince
528 1469 670 1533 striatas.
712 1466 909 1534 Umbella
930 1465 1196 1555 hemisphaerica,

30 1574 33 1579 ’
84 1580 202 1664 densa,
242 1580 401 1650 diametro
429 1583 552 1649 circiter
577 1582 732 1672 pollicari.
792 1585 956 1672 Spatha
983 1605 1197 1668 marcescens,

82 1697 240 1765 bivatvis:
268 1703 374 1766 vulvis
403 1695 579 1786 perlicelloe
608 1699 850 1786 superantibus,
877 1700 957 1764 flore
985 1702 1198 1786 brevioribus,

84 1813 274 1901 tenuissime
294 1813 568 1894 membranaceis,
592 1809 782 1901 diaphanis,
804 1814 965 1897 nitidulis,
988 1816 1075 1880 striis
1097 1819 1200 1903 pluri-

84 1928 144 1994 bus
165 1924 420 2018 prominentibus
439 1929 577 2008 notatis,
599 1929 724 1993 bifidis:
754 1937 878 1997 laciniis
898 1930 1014 2012 oratis,
1036 1933 1201 2000 acumine-

84 2045 139 2111 tis.
187 2045 215 2112 P
224 2041 405 2108 edicelli
429 2044 543 2130 petalis
574 2043 673 2128 duplo
702 2045 879 2128 longiores,
917 2049 1056 2109 stamina
1084 2052 1201 2114 subae-

85 2170 231 2246 quantes.
265 2157 407 2223 Petale
427 2159 703 2238 ovato-oblonga,
725 2159 848 2237 obtusa,
867 2156 987 2242 pallide
1004 2159 1101 2226 flava.
1130 2165 1200 2229 Fi.

84 2276 272 2338 lamente
295 2274 476 2359 capillaria,
499 2272 624 2359 'petalis
642 2270 749 2359 duplo
779 2270 902 2335 circiter
928 2272 1091 2357 longiora,
1121 2292 1199 2364 post

44 2413 47 2417 ·
86 2390 235 2454 anthesin
257 2391 360 2470 magis
383 2390 551 2470 elongata3
581 2389 703 2451 alterna
731 2385 896 2466 breviora,
926 2388 1197 2476 appendiculata:

86 2508 314 2593 appendicibus
334 2505 394 2568 suh
415 2503 542 2568 anthaei
562 2524 694 2584 germen
716 2503 957 2589 superantibus,
986 2502 1119 2571 demum
1140 2529 1202 2572 er-

86 2623 312 2700 creecentihus,
335 2620 443 2706 petala
466 2617 745 2705 subsequentibus.

172 2734 213 2799 A.
236 2736 395 2803 lineari
418 2746 452 2798 et
472 2733 623 2815 stricto
647 2754 743 2822 quam
759 2733 1033 2818 marinialnus,
1054 2736 1095 2801 ab
1110 2749 1202 2803 utro-

87 2871 151 2940 que
172 2871 250 2916 vero
282 2848 413 2914 differre
443 2847 572 2916 videtur
591 2851 704 2914 habitu
727 2851 894 2933 graciliore
916 2862 949 2917 et
969 2851 1060 2916 floris
1083 2856 1203 2940 colore,

87 2968 205 3055 quiin
232 2967 295 3030 hoc
323 2963 443 3052 pallide
470 2966 666 3052 sulphureus
696 2962 768 3050 (uti
795 2966 831 3032 in
859 2964 903 3030 A.
937 2969 1201 3061 ochroleuvo

87 3082 185 3166 lac),
209 3104 267 3146 nec
288 3101 355 3145 non
376 3079 607 3167 appendicibus
630 3083 817 3162 staminum,
840 3101 924 3168 quae
945 3083 1050 3145 multo
1072 3085 1203 3166 longio-

87 3218 150 3263 res,
162 3207 248 3272 sunt,
272 3217 370 3282 quam
390 3195 426 3260 in
445 3193 490 3261 A.
513 3188 679 3261 lineari.
722 3197 835 3261 Floree
857 3195 956 3259 etiam
976 3200 1125 3281 majores,
1146 3223 1204 3289 pe-

90 3308 199 3375 ‹licelli
219 3333 297 3376 sero
319 3309 486 3377 breviores
508 3321 541 3375 et
562 3312 677 3398 spatha
692 3312 818 3380 bivalri
838 3307 983 3400 quidem,
1012 3314 1118 3383 vulvis
1141 3337 1203 3381 au·

89 3435 160 3492 tem
180 3437 362 3493 constanter
383 3424 555 3514 bipartitis.

321 3589 364 3636 α*
406 3597 668 3663 staminibus
695 3601 969 3686 simplicibus·¹

440 3709 608 3794 (Umbella
630 3713 857 3801 capsuliferu.)

479 3836 500 3905 i*
533 3837 656 3893 Foliis
677 3838 820 3912 planis.

350 3947 387 4031 7)
418 3949 558 4017 Annuus
579 3952 815 4021 Vrcroarrnre.
844 3956 944 4023 Lina.

92 4073 154 4155 Ac
165 4075 277 4152 bulbo
302 4077 453 4193 obliquo
475 4080 689 4176 reticulato,
714 4088 825 4162 ceule
848 4084 898 4162 acl
923 4080 1098 4162 medium
1119 4077 1204 4159 fere

129 4208 262 4290 fclicsu
277 4236 437 4312 superne
453 4211 644 4313 ungulato,
657 4213 762 4294 foliis
774 4215 816 4293 in
832 4210 1016 4318 petiolum
1033 4226 1203 4294 attenua·
