2564 4724
112 216 189 294 ssa
371 207 487 301 ,οι
513 213 614 287 x111.
668 209 913 311 aoryanaaa.

114 405 196 481 Hab.
219 400 483 487 frequentissime
503 402 538 464 in
561 401 641 463 locis
664 396 828 481 sylvaticis
852 396 907 482 (L.
930 393 986 479 Β.)
993 437 1003 471 ,
1023 416 1128 483 prope
1150 394 1234 461 Bar·

158 519 233 581 nsnl
256 515 409 600 (Patria.)
430 548 474 565 —-
493 515 542 582 ΕΙ.
564 537 662 598 vere.
694 521 744 585 n,
1087 603 1093 609 ἱ

198 633 292 695 llaec
313 634 437 719 species
464 633 610 714 glabritie
640 642 674 693 et
700 631 859 693 foliorum
887 625 1014 689 laciniis
1038 629 1234 696 abbreviatis
1269 670 1272 679 ·

118 726 284 814 latioribus
306 749 346 809 ab
370 750 588 812 avenni
610 748 709 810 Linn.
731 765 830 830 quarn
850 743 995 806 maxime
1016 741 1140 809 differt.
1170 744 1254 836 Fo-¹

119 868 162 927 lia
183 866 251 927 iere
273 863 315 926 A.
340 864 592 944 wolgansis,
622 861 679 926 sed
706 862 741 923 in
772 871 879 923 nostra
910 857 1019 943 sepala
1041 859 1236 938 glaberrinra

119 993 153 1042 et
180 976 285 1067 petala
313 979 490 1060 subarata3
517 982 553 1043 in
575 981 617 1042 A.
641 975 861 1056 wolgansi
887 975 996 1059 sspala
1027 976 1237 1060 pubescentia

120 1109 154 1158 et
180 1095 287 1181 petala
318 1096 421 1157 'multo
451 1096 645 1176 angustiora.
690 1091 843 1157 Proxime
872 1087 995 1152 accedit
1024 1088 1066 1153 ad
1089 1091 1134 1156 A.
1159 1092 1236 1157 da-

31 1220 33 1225 '
121 1212 309 1284 ruricam
330 1211 469 1289 Ledeia,
501 1231 519 1272 a
548 1231 609 1296 qua
630 1209 821 1297 praesertim
842 1205 959 1292 petalis
979 1206 1084 1268 multo
1095 1208 1235 1272 :latiori-

121 1331 181 1390 bus
203 1325 412 1408 dignoscitur.
1141 1318 1151 1337 '

100 1459 107 1468 ‘
203 1439 316 1506 Planta
339 1442 464 1506 sibirica
487 1440 583 1523 (var.
606 1440 657 1526 β.)
681 1443 720 1503 ab
742 1459 902 1524 europaeo
924 1434 1024 1518 (aar.
1045 1433 1098 1522 n.)
1127 1425 1233 1501 differt

120 1558 235 1642 petalis
256 1557 453 1636 longioribus
475 1559 639 1632 obovatis‚
669 1557 759 1642 apice
780 1555 968 1632 latissimis,
992 1553 1062 1615 basi
1083 1564 1233 1615 attenua-

24 1636 46 1725 ,Ι
120 1671 181 1750 tis;
204 1671 238 1732 in
259 1671 313 1732 illa
337 1684 445 1733 autem
466 1672 573 1757 petala
596 1674 747 1758 elliptica,
770 1674 805 1735 in
829 1669 934 1734 media
956 1680 1046 1755 parte
1068 1667 1230 1748 latissima,

119 1772 210 1872 apice
231 1788 364 1872 basique
385 1790 562 1872 aequaliter
583 1800 719 1850 acutata.
753 1786 924 1851 Caeterum
946 1788 1009 1848 hae
1029 1785 1163 1869 plantae
1183 1788 1232 1847 fo-

110 1903 186 1978 ·liia,
209 1903 337 1988 sapalis,
362 1904 508 1986 carpellis
531 1916 563 1972 et
593 1904 875 1990 habitu'adprime
896 1901 1106 1963 conveniunt.
1153 1898 1231 1986 Spa-

122 2019 237 2080 cimina
259 2021 415 2083 ircutiana
439 2041 456 2081 a
488 2021 718 2105 speciminibus
742 1995 862 2082 altaicis
886 2018 1031 2098 dignosci
1054 2005 1249 2100 nequeunt'

205 2137 251 2197 En
281 2134 528 2221 descriptionem
558 2139 600 2199 Α.
631 2137 849 2198 sibiricae.
902 2133 1040 2197 Radix
1070 2135 1230 2217 perennis,

121 2260 276 2311 structura
299 2254 344 2315 uti
368 2256 401 2312 in
427 2253 468 2314 A.
492 2254 668 2314 ve‘rnali.
712 2252 849 2313 Herba
881 2245 1083 2330 'glaberrima
1129 2246 1230 2312 Gau·

120 2367 180 2426 les
202 2368 320 2447 erecti,
346 2370 567 2453 subsimplices
597 2369 649 2428 vel
671 2368 768 2428 ramis
792 2367 901 2450 paucis
924 2365 1117 2449 plerumque
1139 2366 1229 2428 steri·

120 2482 204 2541 libus
228 2484 327 2555 aucti,
355 2482 458 2562 ξ--Ῑ
481 2460 630 2566 pedales,
663 2482 730 2542 basi
759 2480 884 2558 vaginis
906 2480 1054 2565 aphyllis3
1074 2480 1131 2541 vel
1158 2484 1247 2544 sub·-

121 2598 260 2681 aplrytlis
283 2599 402 2659 vestiti.
447 2596 560 2658 Folia
591 2577 886 2672 contina-sessilis,
921 2597 989 2658 basi
1011 2596 1226 2685 brevitsrva-

120 2715 237 2790 giusta,
261 2715 373 2774 subtus
395 2711 575 2795 pallidiora,
600 2711 759 2794 pinnatim
778 2709 1114 2797 sopradecomposita:
1129 2712 1224 2793 folio·

119 2831 158 2887 lis
180 2825 353 2903 subovatis,
377 2823 537 2911 profunde
560 2816 762 2911 pinnatifidis
784 2827 838 2889 vel
862 2829 1083 2913 subpinnatis:
1106 2833 1224 2892 laciniis

118 2943 303 3004 lanceolatis
330 2943 385 3003 vel
418 2942 533 3006 lineari
547 2981 563 2992 -
577 2942 794 3028 lanceolatis,
822 2944 1001 3004 acuminato
1014 2981 1031 2992 -
1045 2943 1222 3030 cuspidatis,

119 3055 336 3135 13—31511.
360 3059 475 3138 lo'ngIs,
500 3052 599 3137 grin.
623 3058 747 3119 circiter
766 3058 849 3121 latis.
893 3058 1046 3122 Floras
1070 3061 1222 3125 termina·

118 3177 176 3246 lea,
199 3167 435 3257 speciosissimi.
480 3175 630 3258 Sepala
654 3173 691 3251 5,
715 3174 916 3253 glaberrima,
942 3146 1093 3254 obovata,
1117 3161 1221 3245 obtusa

45 3264 52 3273 κ
118 3292 170 3349 vel
192 3301 299 3366 acuta,
328 3290 544 3352 flavescentia.
591 3272 734 3351 Petale
758 3286 926 3368 15-20,
954 3265 1124 3375 splendide
1144 3292 1222 3355 llarn

116 3402 167 3464 vel
190 3405 356 3483 sebastea,
380 3405 498 3490 sepalis
520 3393 624 3467 multo
647 3404 803 3485 longiora,
827 3406 975 3484 obovata,
1000 3407 1091 3491 apice
1113 3380 1221 3472 obtusa

116 3512 167 3578 'vel
191 3520 381 3580 brevissime
398 3530 531 3600 acutata,
553 3521 757 3600 integerrima
779 3521 833 3580 vel
856 3524 999 3584 obsoleta
1021 3520 1221 3604 denticulata,

114 3636 202 3696 basin
226 3654 336 3695 versus
360 3635 456 3699 valde
477 3645 667 3715 angustata,
694 3637 845 3720 pollicem
865 3640 977 3718 longa,
1005 3637 1095 3722 apice
1117 3632 1226 3703 5-6

112 3750 172 3813 lin.
192 3749 275 3827 lata,
308 3751 340 3810 in
371 3750 686 3813 floribus'sarotinis
722 3752 918 3830 angustiora.
976 3749 1221 3838 Pedunculi

110 3864 263 3926 fructiferi
285 3867 391 3928 erecti
437 3864 673 3948 Capitulum
697 3867 967 3930 fructiferum
989 3851 1220 3950 subglobosunr

110 3981 162 4040 vel
185 3994 302 4045 oraro-
315 3980 492 4060 globosum.
545 3976 847 4064 Gynopborum
863 3982 1074 4050 ¹villo‘snlr'rm.
1120 3983 1221 4050 Gar·

106 4095 215 4175 pella
239 4106 352 4160 exacte
375 4107 408 4153 ut
431 4096 465 4155 in
487 4091 529 4155 Α.
553 4097 731 4160 vernali.
809 4102 823 4107 “’
