2564 4724
362 209 421 290 cl.
448 211 551 293 xltl.
603 207 844 312 Polyandria.
1093 153 1170 288 319
1231 280 1233 284 ⁴

98 406 136 491 β.
168 401 306 484 soliis
340 401 612 471 radicalibrrs
645 400 851 461 indivisis
888 394 1057 477 trifidis
1083 406 1165 466 tri·

156 511 956 607 partitisve„pnrtitionibussoliorum
977 519 1167 580 cautino-

158 658 244 706 rum
271 634 593 698 sublinenribus
620 633 906 712 integerrimis
935 631 1167 699 subsem-

159 757 279 813 iisve.
355 811 368 823 ,
590 809 592 815 .
805 814 808 819 .

146 865 186 931 R.
217 863 411 929 auricomus.
452 861 552 925 Linn.
582 859 779 961 Dec3'Syst.
809 869 877 922 nat.
908 856 938 922 1.
963 883 1001 945 p.
1021 842 1097 930 266.
1125 897 1169 922 -.

186 981 263 1042 Dec.
275 977 389 1041 Prodr.
404 977 431 1040 l.
449 1001 486 1062 p.
499 976 554 1041 33.
572 1007 617 1023 -·
636 976 769 1061 Spreng.
781 975 868 1058 Syst.
889 996 960 1056 veg.
978 977 1026 1041 ΙΙ.
1042 1003 1080 1065 p.
1092 978 1167 1046 651.

190 1128 234 1145 -
257 1093 312 1160 M.
336 1117 357 1157 α
377 1092 467 1155 Brea.
488 1092 537 1156 Ft.
558 1103 645 1158 taur.
665 1090 826 1156 counit.
849 1115 882 1175 p.
906 1089 966 1175 24.
980 1122 1025 1139 -
1057 1095 1170 1162 Bessa·

188 1211 240 1278 Ft.
259 1213 325 1291 gal.
348 1209 377 1272 I.
395 1234 430 1294 p.
444 1205 519 1273 358.
540 1240 584 1254 -
605 1209 721 1273 Besser
735 1206 797 1271 En.
815 1212 860 1290 pl.
877 1206 918 1270 V
914 1211 975 1271 ott.
997 1207 1104 1292 p.22'l.
1123 1246 1168 1263 -

188 1327 271 1391 Fata
290 1339 412 1410 topogr.
433 1325 543 1408 Beytr.
565 1325 610 1388 ΙΙ.
630 1341 666 1408 p.
683 1320 760 1388 202.
782 1355 825 1369 —
846 1322 976 1405 Serirrge
989 1329 1016 1386 i.
1040 1345 1071 1392 c.
1118 1348 1120 1353 ·

146 1441 353 1506 Ranunculus
374 1439 514 1504 N0.'47.
544 1441 660 1505 «Gmet.
683 1439 732 1501 Fi.
752 1441 810 1501 sib.
833 1438 900 1502 IV.
921 1437 1043 1523 ptot.
1140 1527 1144 1533 ἡ

60 1559 145 1623 Hab.
168 1559 203 1622 in
232 1557 330 1644 pratis
357 1555 398 1620 sd
424 1556 458 1620 fl.
481 1553 680 1630 Bucbtorma
706 1553 804 1634 (L.)‚
832 1575 932 1640 prope,
952 1554 1169 1619 Tschetscbu·

125 1674 209 1736 licha
237 1685 269 1736 et
293 1674 429 1736 Barnaul
460 1671 562 1751 (R),
591 1671 627 1735 in
655 1669 734 1734 locis
756 1670 949 1750 graminosis
969 1682 1004 1737 et
1023 1669 1168 1737 humidis

37 1770 41 1778 ’
125 1807 227 1873 prope
247 1785 496 1849 Buchtarminsk
517 1783 623 1870 (M.)‚
652 1805 752 1872 prope
775 1782 929 1866 Smajow.
950 1820 997 1847 e·-
1037 1786 1088 1852 Fr.
1110 1809 1170 1853 ae-

123 1914 215 1966 state.
253 1907 302 1973 2t.
564 1981 566 1984 Ι

164 2016 240 2079 Viri
268 2013 438 2079 clarissimi
467 2015 651 2100 Rrrdoipbi,
679 2013 813 2096 Hagen,
844 2017 884 2078 de
912 2013 1170 2079 Scblecbterrduirl

59 2129 155 2193 omni
180 2134 250 2211 jure
278 2130 319 2195 R.
352 2132 623 2195 cassubicum
651 2132 849 2210 conjungunt
878 2149 952 2192 cum
981 2129 1025 2196 R.
1057 2131 1168 2195 auri-

60 2266 187 2310 como.
230 2244 292 2310 Per
320 2247 428 2333 plures
459 2267 561 2310 annos
581 2244 623 2312 R.
646 2245 909 2309 cassubicum
937 2255 971 2308 et
998 2246 1169 2311 aurico-

58 2383 182 2443 mum,
206 2361 287 2426 circa
309 2360 490 2449 Dorpatum
510 2361 768 2447 frequentissime
789 2370 977 2442 crescentes,
999 2359 1169 2443 diligenter
1193 2420 1196 2425 ⁴

62 2478 241 2560 observavi,
256 2480 377 2543 formas
399 2475 607 2541 intermedias
624 2479 692 2557 iere
711 2476 900 2540 innumerae
915 2477 1027 2540 inveni
1043 2488 1076 2539 et
1091 2456 1168 2564 epe-

62 2594 129 2657 cies
163 2593 292 2659 easdem
319 2615 395 2681 esse
429 2593 511 2658 mihi
538 2613 726 2680 persuasum
754 2595 871 2683 habeo.
924 2590 1050 2656 Omnes
1079 2594 1169 2658 enim
1241 2662 1244 2665 ,

62 2709 272 2789 characteres,
294 2710 408 2794 quibus
424 2710 580 2773 Auctores
601 2710 659 2772 bas
681 2708 804 2796 species
826 2707 1020 2790 distinguere
1038 2709 1167 2790 volunt,

60 2834 175 2911 utpote
198 2823 372 2904 variabiles,
395 2824 514 2887 nuliius
536 2832 610 2887 sunt
626 2823 794 2886 momenti.
838 2821 879 2886 In
900 2824 978 2887 iocis
1000 2826 1171 2907 sylvestri·

60 2943 124 3004 bus
154 2936 295 3002 humidis
317 2940 425 3024 planta
453 2937 567 3000 elatior
594 2935 650 3013 fit,
680 2937 768 3001 foliis
795 2935 987 3002 radicalibus
1013 2939 1169 3005 instructa

60 3053 231 3135 maximis,
260 3051 449 3139 saepissime
469 3050 621 3116 indivisis
636 3060 676 3114 ct
695 3051 871 3132 segmentis
891 3054 1047 3118 foliorum
1068 3056 1170 3120 cauli·
1212 3042 1215 3047 ’

63 3192 182 3236 norum
210 3170 284 3256 plus
310 3167 462 3233 minusve
486 3166 650 3232 rhombeis
679 3167 820 3231 serratis.
863 3164 902 3231 In
923 3163 1002 3233 locis
1027 3171 1169 3236 sicciori-

63 3289 179 3358 buset
208 3284 315 3349 minus
344 3284 503 3350 umbrosis
517 3286 640 3376 stirpes
661 3285 783 3350 sensim
805 3283 990 3370 sensimque
1011 3287 1169 3353 humilio-

61 3407 117 3467 re's
138 3400 289 3488 evadunt,
311 3403 389 3465 folia
408 3398 568 3464 radicalia·
580 3411 656 3465 sunt
676 3402 802 3466 minora
821 3400 1021 3487 frequentius
1043 3416 1077 3467 et
1092 3426 1170 3491 pro-

61 3515 195 3582 fundius
220 3517 313 3598 tissa,
339 3517 442 3580 immo
464 3515 504 3580 ad
522 3502 618 3582 ¹basin
640 3538 744 3604 usque
764 3518 900 3604 partitag
930 3531 1096 3602 segmenta
1116 3521 1171 3584 fo-
1233 3528 1238 3545 ‘

61 3633 183 3700 liorum
204 3633 306 3713 magis
327 3633 493 3718 magisque
513 3635 695 3716 angustiora
719 3633 877 3714 evadunt,
898 3635 1044 3715 margine
1063 3654 1170 3698 sarra·

61 3749 147 3811 turis
167 3747 368 3834 paucioribus
396 3748 550 3812 instructa
579 3751 635 3814 vel
663 3771 760 3837 saepe
789 3751 922 3827 omnino
948 3750 1167 3832 integerrima.

64 3862 247 3950 Specimina
270 3861 354 3925 baud
376 3880 475 3948 pauca
496 3862 531 3927 in
552 3864 702 3931 herbario
723 3869 867 3947 servavi,
890 3852 1107 3954 quae'psrtim
1128 3861 1169 3926 ad

61 3974 105 4043 R.
128 3979 416 4053 auricomum,¹
436 3978 553 4065 partim
580 3970 621 4043 ad
648 3981 690 4048 R.
722 3985 983 4049 cassubicum
1011 3991 1168 4066 spectant.

62 4089 196 4156 Adsunt
216 4092 392 4181 specimina
420 4094 508 4158 foliis
530 4093 717 4165 radicabbus
737 4097 780 4167 R.
802 4096 1002 4163 auricomi
1028 4093 1170 4161 etzroliis

62 4208 200 4272 caulinis
219 4205 261 4274 R.
283 4208 490 4274 cassubic'i
512 4207 652 4296 donam
668 4212 744 4279 'alie
770 4215 864 4280 tolim
877 4210 1028 4278 radicalia
1048 4210 1169 4276 babent
