2564 4724
245 276 258 295 ,
367 208 425 287 οι.
452 188 554 287 xnt
606 190 904 312 polyandria..
980 195 986 207 '
1097 212 1175 351 aas

61 396 133 462 side
155 399 266 462 hiante
288 395 436 464 distincta
463 411 523 465 ast.
567 398 622 464 Ab
643 400 687 469 A.
709 397 896 463 volubili
926 393 1036 461 differt
1062 409 1173 463 necta-

61 516 119 579 riis
142 516 255 578 erectis
278 525 310 578 et
330 515 462 580 cassidis
485 527 589 581 rostro
610 516 720 581 minus
741 525 878 578 scutato.

307 684 343 770 5)
374 685 554 753 Acemrusc
579 700 768 751 sunieuusc.
787 684 930 799 ‘Recta

61 829 112 902 A.
140 831 287 906 calcari
312 835 476 910 nectarii
502 835 630 936 supini
655 831 822 935 elongati
846 822 1031 929 capitata,
1059 830 1174 907 cassi·

114 959 172 1036 dis
204 964 757 1074 hemisphaerico·fornieatee
786 964 905 1062 (sub)
936 964 1089 1039 clausae
1112 989 1172 1039 co-

113 1106 190 1166 stro
225 1095 445 1173 abbreviato
478 1100 627 1192 obtuso,
659 1097 888 1177 staminibus
921 1095 1086 1196 glabris,
1118 1097 1174 1171 le·

112 1224 178 1301 liis
209 1229 541 1328 palmatipartitie,
574 1232 783 1334 segmentis
805 1228 1000 1306 cbombeis
1027 1230 1173 1324 incisis,

112 1359 222 1433 caule
246 1375 362 1438 recte.

145 1489 189 1555 A.
212 1495 409 1579 ambiguum.
451 1496 585 1561 Reichb.
608 1496 659 1560 Ill.
682 1496 788 1559 Acon.
814 1505 838 1560 t.
860 1491 915 1558 23.

61 1601 237 1690 specimen
267 1612 389 1676 lectum
413 1611 464 1700 in'¹
477 1615 609 1698 regione
629 1613 759 1693 altaica,
793 1608 853 1675 sed
880 1611 969 1673 locus
996 1608 1175 1677 accuratius

60 1704 212 1786 ''afferri
228 1729 350 1814 nequit.
398 1735 447 1799 ²l.

147 1837 200 1901 Ex
212 1841 307 1919 unico
329 1842 506 1929 specimine
524 1841 649 1920 altuino,
672 1837 759 1925 quod
782 1835 882 1919 adest,
904 1839 1069 1903 affirmare
1088 1841 1176 1906 haud

59 1954 147 2035 licet,
170 1978 250 2019 num
271 1960 381 2046 plante
403 1969 510 2021 nostra
525 1977 641 2022 verum
663 1955 705 2017 sit
720 1956 759 2017 A.
784 1938 1014 2034 ambiguum
1029 1953 1175 2039 Recta,

60 2090 106 2132 an
135 2073 256 2156 species
286 2076 424 2161 propria.
472 2069 511 2136 Iu
542 2081 653 2134 nostro
682 2069 796 2148 caulis,
827 2069 1019 2155 praesertim
1049 2055 1180 2157 apicem

61 2206 193 2268 versus,
223 2211 296 2254 cum
324 2192 478 2254 foliorum
504 2184 663 2269 margine,
694 2185 768 2271 pilis
790 2185 868 2247 raris
890 2182 1081 2271 adspersus,
1110 2212 1177 2254 non

60 2302 281 2397 glaberrimus.
325 2306 417 2370 Folia
440 2304 632 2385 cum‘figura
647 2293 939 2366 Reichenbacbinna
962 2314 1075 2364 exacte
1098 2326 1176 2368 con-

53 2406 208 2505 'yeniunc
254 2419 360 2488 Caesis
382 2424 419 2486 in
440 2423 520 2485 flore
541 2419 656 2483 infimo
678 2420 805 2500 clausa,
833 2417 870 2479 in
891 2417 1020 2502 reliquis
1042 2418 1177 2485 fioribus

29 2562 32 2569 ¹
62 2531 177 2616 bians,
208 2537 311 2623 quoad
333 2542 472 2603 formam
492 2549 603 2600 tamen
626 2535 703 2598 satis
726 2536 811 2597 bene
832 2530 979 2619 quadrat.
1025 2535 1177 2600 Stamina

61 2662 98 2714 et
120 2653 228 2716 oraria
250 2652 367 2733 glabra.
388 2648 432 2718 ‘·.-
458 2653 513 2717 Ab
533 2650 579 2720 A.
600 2651 787 2738 Napello‚
809 2650 845 2712 ni
864 2649 971 2729 fallor,
993 2648 1103 2735 differt
1123 2654 1178 2717 le-

61 2768 184 2830 liorum
198 2768 323 2830 laciniis
340 2768 516 2844 latioribus,
536 2767 668 2831 cassidis
689 2772 795 2837 {orma
808 2778 842 2830 et
855 2740 1030 2832 filamentis
1046 2768 1175 2850 glabris.

271 2957 274 2969 '
302 2950 339 3036 6)
369 2954 550 3019 Acomrms
571 2952 760 3018 Nannenus.
788 2948 922 3015 Reiecit.

62 3100 112 3178 A·
138 3099 469 3197 (Nepelloideum)
495 3098 643 3177 casside
669 3095 1179 3196 convexo-hemisphaerica

115 3226 256 3309 hiante
272 3233 553 3333 glabreseente‚
575 3231 747 3308 nectarii
772 3228 874 3304 labio
898 3213 1091 3323 revolute,
1116 3258 1178 3329 pe·

116 3365 291 3442 dunculis
317 3367 474 3477 erectis,
505 3364 615 3442 feliis
637 3359 1025 3464 pedeti-5·partitis,
1059 3364 1178 3464 parti·
1209 3405 1214 3423 ·

73 3483 82 3497 “
115 3495 283 3574 tionibus
313 3498 525 3599 linearibus
555 3493 928 3574 temate-laciniatis
959 3495 1095 3576 acuns.
1127 3534 1179 3550 -

115 3628 285 3696 Reichenb.
308 3631 362 3697 ltt.
384 3631 494 3696 Acon.
514 3613 581 3697 Ne.
600 3629 653 3695 13.
676 3632 740 3695 tab.
763 3624 923 3690 1.-1V.
1027 3674 1031 3679 -

64 3746 151 3813 stab.
172 3736 208 3811 in
229 3746 312 3811 locis
328 3748 543 3830 sylvestribus
571 3742 612 3812 ad
632 3748 668 3812 fl.
694 3743 824 3810 Ssrsbel
846 3743 918 3831 (Β.)
938 3775 983 3792 -··
1002 3741 1101 3827 lulio·
1116 3740 1180 3805 llo-

72 3888 75 3896 ·
109 3882 183 3929 rere
203 3860 325 3950 incipit.
360 3868 414 3935 21.
823 3885 825 3889 ’
990 3890 993 3899 ’

157 3975 275 4043 Nostra
307 3982 421 4067 planta
450 3975 644 4044 intermedia
667 3988 727 4043 ‘est
758 3977 845 4042 inter
872 3972 916 4038 A.
944 3969 1178 4055 Nepellum

65 4117 91 4183 y
119 4093 404 4189 Lobelianum
433 4106 467 4160 et
494 4092 517 4162 δ
541 4095 747 4173 Bentian
786 4111 859 4156 cum
887 4087 995 4174 priore
1019 4083 1180 4175 sacietate

16 4218 18 4223 ’
67 4207 106 4295 (l.
130 4232 158 4275 c.
181 4212 248 4274 tab.
271 4207 370 4295 stt),
397 4208 504 4301 quoad
531 4211 678 4276 habitum
706 4221 740 4276 et
767 4207 889 4272 florum
914 4209 1110 4271 snectutem
1138 4198 1180 4265 ad
