2564 4724
102 216 179 290 are
435 209 495 288 cr.
522 212 606 287 xrr.
658 180 904 289 torrenta(

185 400 298 466 Planta
318 399 556 488 polymorpba,
580 400 689 506 plures
710 400 819 465 forsan
842 399 963 487 species
986 400 1217 484 complectens,

104 517 197 581 certis
225 516 460 579 characteribus
493 498 686 579 difficillime
720 514 953 597 sejungendas,
989 514 1065 577 licet
1091 516 1219 613 formae

39 640 43 648 '
105 625 280 698 nonnullae
304 633 449 696 habitum
470 651 546 718 pree
568 651 604 694 sa
624 632 728 694 lerant
744 629 1016 696 diversissimum.
1061 628 1102 694 V
1104 654 1159 694 ur
1184 654 1220 696 α.

106 749 193 812 foliis
214 748 366 810 instructa
394 759 443 811 est
473 746 621 832 ellipticis
649 748 704 812 vel
732 746 996 824 lato-obovatis,
1023 746 1094 808 basi
1109 766 1223 832 saepe

109 863 252 926 cuneatis
279 873 312 926 et
338 863 373 926 ln
399 836 558 948 petiolum
585 864 795 932 manifestum
823 863 1014 941 attenuatis,
1045 862 1080 923 in
1111 862 1224 946 planta

110 990 287 1065 spontanea
310 975 569 1059 4-4311neas
591 979 686 1060 latis,
709 976 817 1043 8-9
838 980 941 1042 lineas
963 978 1076 1058 longis,
1100 978 1223 1062 peticlo

110 1105 177 1159 tres
198 1095 300 1158 lineas
323 1094 444 1157 circiter
463 1095 582 1176 long03
612 1094 648 1156 iu
677 1094 789 1178 planta
814 1097 898 1158 culta
927 1094 1030 1157 multo
1052 1093 1165 1155 latiora
1189 1103 1224 1155 et

111 1211 238 1276 ratione
258 1206 437 1273 latitudinis
466 1209 631 1289 breviore,
660 1209 851 1296 plerumque
880 1210 1224 1272 acuminato-mucro-

111 1329 205 1406 natis,
227 1336 352 1413 praeter
372 1325 463 1389 basin
485 1338 655 1390 cuneatum
676 1317 917 1406 integerrimam
939 1335 1050 1404 argute
1071 1323 1223 1403 serratis3

112 1453 271 1504 certatura
292 1441 456 1504 terminali
479 1443 611 1505 caeteris
627 1441 752 1521 majori,
774 1441 1022 1527 pubescentibus
1044 1435 1090 1521 (in
1111 1440 1224 1525 planta

113 1567 291 1642 spontanea
313 1557 426 1619 subtus
446 1558 637 1642 praesertim
667 1557 773 1635 canis,
804 1556 840 1619 in
862 1558 946 1618 culta
969 1556 1121 1639 utrinque
1141 1555 1224 1617 viri-

113 1669 239 1752 dibus),
269 1662 453 1746 triuerriis:
483 1673 595 1738 nervis
616 1669 868 1760 approximatis,
900 1671 946 1734 ita
971 1681 1008 1736 ut
1036 1670 1185 1733 laterales
1206 1688 1227 1731 a

113 1784 259 1867 margine
279 1787 385 1867 magis
408 1808 508 1874 qnam
524 1778 613 1852 ‘inter
634 1809 670 1852 se
693 1785 822 1850 distant.
924 1869 926 1873 Ι

168 1929 171 1944 .
198 1901 289 1965 Folia
309 1922 391 1967 our.
406 1904 442 1989 β
466 1889 611 1985 cuneata,
634 1906 793 1984 elongate,
816 1901 908 1973 basin
925 1880 1038 1962 versus
1059 1897 1099 1962 ad
1120 1900 1229 1964 inser·

117 2013 242 2081 'tionem
266 2039 367 2103 usque
388 2018 511 2082 sensim
533 2032 713 2100 attenuata,
738 2029 851 2081 exacte
873 2016 1009 2094 sessilia,
1029 2013 1161 2080 8-10
1186 2018 1231 2081 li-

117 2152 195 2194 neas
216 2134 328 2214 longa,
357 2132 443 2195 infra
465 2135 591 2219 apicem
617 2133 824 2197 rotundatum
846 2133 903 2194 vix
926 2131 1005 2194 duas
1026 2133 1130 2195 lineas
1154 2136 1229 2216 lata,

117 2247 340 2327 integerrima,
377 2246 656 2327 glauco-viridia,
684 2248 856 2333 puberula,
891 2268 1023 2310 venosa.
1076 2245 1232 2330 Corymbi

118 2364 321 2441 terminales,
343 2361 609 2445 hemisplraerici,
632 2362 820 2438 multiflori,
842 2360 1061 2446 pedunculati,
1086 2369 1230 2432 ramulos

120 2496 234 2540 versus
255 2474 337 2538 rami
359 2477 483 2561 apicem
504 2476 625 2537 sensim
648 2474 865 2539 decrescentes
889 2477 1113 2544 terminantes,

208 2591 249 2653 V
252 2614 307 2653 ar.
331 2613 361 2676 y.
394 2590 472 2651 folia
493 2590 592 2651 habet
613 2590 679 2653 illis
700 2611 769 2654 var.
790 2592 824 2674 β.
848 2592 981 2670 similia,
1011 2591 1068 2655 sed
1094 2598 1229 2680 minora,

121 2705 143 2770 ⁵
165 2705 289 2766 circiter
309 2704 410 2768 lineas
433 2705 538 2786 longa,
561 2707 791 2790 sesquilineam
811 2706 882 2769 lata
895 2708 949 2769 vol
969 2688 1086 2792 parum
1108 2711 1230 2794 latiora,

121 2821 275 2919 oblonga,
297 2839 412 2883 versus
434 2821 525 2883 basin
546 2832 656 2884 tamen
678 2825 782 2903 magis
804 2805 985 2911 attenuata,
1008 2827 1229 2917 subpatiolata,

121 2947 177 3001 aut
196 2935 330 2998 omnino
352 2936 575 3017 integerrima,
597 2950 652 3022 aut
673 2940 761 3025 apice
783 2939 840 3002 bi·
846 2936 1037 3020 tridentata,
1067 2955 1230 3010 caeterum

121 3052 344 3135 integerrima,
376 3052 514 3133 glauco·
497 3050 655 3136 ·viridia,
684 3056 856 3140 puberula‚
890 3075 1019 3119 venosa.
1062 3050 1232 3126 Umbeliae

120 3168 270 3232 laterales
297 3168 427 3234 sensiles
456 3167 535 3236 3-
550 3166 598 3234 8-
605 3169 721 3251 florae,
751 3170 820 3238 basi
845 3170 932 3235 foliis
953 3170 1077 3260 aliquot
1096 3153 1241 3243 minutis

40 3298 46 3327 ἰ
121 3284 389 3350 circumvallatae.

205 3399 278 3463 Hae
295 3399 467 3466 varietates
489 3412 557 3464 tam
578 3397 722 3465 diversae
742 3395 908 3475 videntur,
929 3411 966 3463 ut
985 3423 1043 3494 pro
1055 3405 1231 3492 ‚speciebus

120 3512 334 3600 peculiaribus
354 3514 511 3596 haberes,
540 3538 599 3579 nac
626 3517 711 3582 intra
732 3513 851 3578 limites
874 3515 986 3580 Florae
1007 3521 1142 3586 altaicae
1163 3526 1231 3588 for·

120 3649 192 3691 mes
219 3626 426 3694 intermedias
456 3631 716 3710 observavimus,
745 3649 765 3691 e
793 3626 910 3694 Rossia
935 3632 1142 3701 meridionali
1172 3660 1230 3703 an·

120 3753 191 3807 tem
212 3743 388 3829 specimina
415 3744 507 3829 plura
533 3741 750 3832 possidemus,
780 3765 865 3831 quae
893 3747 1064 3815 transitum
1094 3755 1136 3819 ab
1166 3775 1230 3819 una

122 3857 165 3925 ad
186 3859 319 3925 alteram
339 3857 468 3922 iaciunt.

389 4023 429 4115 4)
462 4022 608 4093 Sereana
630 4049 831 4098 mauretus.
861 4033 959 4099 Lina.
1051 4092 1054 4104 ,
1158 4046 1163 4069 ²

35 4161 38 4167 ’
124 4164 186 4265 Sp.
223 4167 427 4263 fruticosa,
465 4165 570 4246 foliis
600 4167 1009 4274 oblongo-lancecletis
1037 4175 1230 4274 spathula·
