2564 4724
106 188 181 266 ror
267 160 269 164 ’
457 180 538 286 Δοι.
565 182 610 256 x.
664 178 893 256 recantata.
1000 246 1021 264 ,,

103 408 107 413 ·
191 374 316 440 Dubius
343 374 426 436 banc
453 370 595 457 speciem
624 390 785 459 propono,
816 344 896 461 quas
927 365 1039 430 habitu
1065 364 1222 452 proxime

21 490 23 497 ’
105 489 146 556 erl
170 493 204 559 S.
220 480 511 568 Rhodiolam*)
533 482 670 566 accedit,¹
688 486 732 548 ite
758 487 915 570 utprimo
936 482 1057 548 intuitu
1080 481 1223 548 eandem

106 607 209 688 dicas,
242 603 429 667 accuratiori
457 603 607 666 examine
635 621 713 665 roro
740 600 883 687 pluribus
905 598 991 663 notis
1010 597 1146 690 differre
1167 601 1223 663 vi·

99 723 209 800 detur.
253 717 355 792 Color
369 717 469 782 totius
490 717 618 804 plantae
639 718 697 780 vix
719 713 862 796 glaucus.
880 699 883 709 ¹
902 710 1016 779 Folia
1036 714 1143 791 'erecta
1165 717 1223 780 vel

34 808 38 818 ¹
107 833 393 924 erecto-patentia,
416 854 475 898 nec
498 844 533 896 ut
554 832 588 896 in
608 827 644 897 S.
668 828 875 896 Rhodiula
896 828 1142 896 horizonteliter
1162 852 1222 918 pa-

102 926 219 1034 tentia,
242 956 346 1016 forma
370 951 472 1029 caria,
494 946 564 1013 basi
586 958 620 1012 et
640 948 729 1034 apice
751 948 881 1035 saepius
902 943 1063 1034 aequilater
1084 922 1147 1011 rel
1162 949 1223 1011 bs-

108 1043 160 1135 sin
185 1087 298 1133 versus
319 1064 443 1144 latiora,
466 1084 524 1128 nec
547 1067 694 1143 eborata,
716 1064 905 1150 plerumque
925 1063 1145 1144 integerrima,
1168 1083 1222 1126 rn-

91 1187 175 1250 'rius
196 1193 319 1249 remote
348 1193 484 1260 serrata,
512 1181 620 1247 minus
649 1200 791 1244 carnosa.
837 1179 980 1244 Florae
1006 1178 1132 1260 longius
1158 1199 1221 1265 ps-

103 1299 261 1390 rllcellati,
282 1318 354 1385 'quo
383 1298 449 1374 ors
466 1306 501 1359 ut
526 1295 761 1360 inflorescentie
787 1272 891 1379 magis
920 1294 1067 1376 elongata
1089 1295 1219 1362 eredat.

107 1415 256 1503 Patala
286 1388 488 1494 angustiora,
517 1412 708 1498 plerumque
735 1407 761 1474 4'
784 1412 888 1475 rarius
911 1413 945 1476 5.
989 1409 1221 1478 staminas

109 1533 164 1596 rel
187 1527 238 1604 10.
274 1510 480 1613 squamae
502 1527 776 1590 uectariferae
796 1525 912 1612 petalis
934 1524 1112 1613 oppositae,
1135 1526 1221 1592 inter

110 1646 247 1719 stamina
270 1652 303 1717 et
325 1641 468 1724 germina
491 1640 630 1726 poeitae,
659 1616 826 1722 elongatae
846 1640 891 1706 ita
913 1653 950 1706 nt
971 1642 1126 1707 diameter
1145 1643 1222 1706 lou-

37 1766 46 1781 ”
108 1758 297 1842 gitudinalis
326 1740 533 1822 transversali
565 1758 661 1844 triplo
696 1759 813 1822 saltem
846 1755 972 1840 longior
1000 1759 1057 1839 sit,
1094 1761 1221 1847 apicem

92 1883 225 1944 *versus
239 1891 365 1981 parurn
387 1880 589 1976 angustatos,
617 1884 792 1939 truncatae.
839 1872 1037 1939 Germine
1066 1872 1088 1938 4
1116 1874 1220 1940 rarius

46 2037 48 2040 -
110 1976 148 2069 5,
171 1988 267 2074 extus
291 1997 430 2071 curvata.
478 1985 676 2074 Capsulae
698 2003 745 2052 tot
768 1970 844 2077 quot
866 1993 1026 2072 germina
1057 1991 1146 2076 apice
1170 1997 1228 2055 re-'

112 2125 238 2184 curvae,
243 2101 399 2185 majores
417 2122 513 2189 quam
534 2126 568 2163 ιιι
589 2101 622 2165 S
640 2100 840 2168 Rhodiola
863 2115 895 2168 et
910 2104 1003 2169 dorso
1025 2107 1227 2187 tricostatee,

111 2243 168 2302 nec
190 2232 227 2282 ut
248 2218 281 2282 io
304 2222 360 2281 illo
383 2218 586 2279 unicostatae.

197 2334 276 2398 Obs
300 2331 411 2402 Floras
433 2333 466 2393 in
489 2331 550 2392 hoc
573 2340 606 2392 et
628 2330 661 2392 in
677 2331 711 2397 S.
726 2330 849 2396 Rhod.
875 2328 1140 2418 hermaphroditi‚
1170 2336 1223 2402 vel

111 2453 222 2516 obortu
247 2448 351 2528 diolci,
373 2448 425 2511 vel
447 2442 620 2531 polygami.

438 2613 474 2693 8)
505 2612 620 2693 Sauum
644 2634 804 2678 Auernum.
836 2637 879 2680 m.

111 2777 149 2854 ὃ.
178 2770 449 2870 foliis'sparnie
475 2770 682 2851 linearibus
709 2774 970 2876 integerrimis
993 2777 1116 2875 planis
1139 2781 1221 2879 'gla-

162 2905 261 2996 oas,
300 2904 430 3002 radico
456 2885 585 2985 crisa
611 2906 862 3007 mutrrrrpae,
896 2910 1067 2987 caulibus
1101 2913 1218 3008 prun.

159 3037 229 3112 bus
255 3034 507 3136 simplicibus,
535 3041 719 3142 corymbo
743 3043 939 3118 terminali
962 3041 1218 3142 simplicipe

161 3169 309 3246 diuellis
330 3169 440 3246 flores
463 3172 791 3273 subsequentibus,
818 3197 1067 3275 squamarum
1094 3187 1218 3255 uecta·
1259 3242 1262 3251 .

110 3352 514 3370 m*

143 3452 173 3515 *)
209 3451 297 3519 Hujus
315 3451 454 3524 diegncsis
472 3451 542 3506 crite

406 3619 409 3623 ,
473 3564 577 3619 Snnnnr
598 3576 762 3621 arronrouti
797 3555 867 3616 Dcc.

151 3661 188 3727 S.
211 3661 299 3723 foliis
328 3664 447 3750 sparsis
477 3664 796 3747 oboram-oblongis
825 3666 914 3751 apice
943 3669 1073 3733 serratis
1103 3668 1219 3752 glabris

194 3760 327 3842 glaucis,
349 3761 455 3826 radice
477 3769 700 3859 subruberosa,
723 3768 813 3832 caule
835 3769 983 3856 simplici,
1005 3771 1142 3859 floribus
1164 3797 1227 3861 cp·

191 3882 309 3927 moso·
316 3868 523 3950 corymbum,
545 3847 713 3956 pedicellis
736 3870 868 3938 floribus
891 3850 1100 3957 brevioribus,
1122 3898 1222 3967 squa-

191 3987 320 4032 marum
335 3967 594 4043 nectarilerarum
608 3973 778 4086 latitudine
798 3974 1033 4061 longitudinem
1050 3991 1219 4069 aequante,

190 4071 388 4155 germinibus
412 4068 534 4139 erectis.
601 4098 604 4103 ⁴
