<?xml version="1.0" encoding="UTF-8"?>
<!DOCTYPE html PUBLIC "-//W3C//DTD XHTML 1.0 Transitional//EN"
    "http://www.w3.org/TR/xhtml1/DTD/xhtml1-transitional.dtd">
<html xmlns="http://www.w3.org/1999/xhtml" xml:lang="en" lang="en">
 <head>
  <title>
</title>
<meta http-equiv="Content-Type" content="text/html;charset=utf-8" />
  <meta name='ocr-system' content='tesseract 3.04.00' />
  <meta name='ocr-capabilities' content='ocr_page ocr_carea ocr_par ocr_line ocrx_word'/>
</head>
<body>
  <div class='ocr_page' id='page_1' title='image "./floraaltaica02meyegoog_0352.png"; bbox 0 0 2564 4724; ppageno 0'>
   <div class='ocr_carea' id='block_1_1' title="bbox 79 156 1009 329">
    <p class='ocr_par' dir='ltr' id='par_1_1' title="bbox 79 156 1009 329">
     <span class='ocr_line' id='line_1_1' title="bbox 79 156 1009 329; baseline -0.031 -17"><span class='ocrx_word' id='word_1_1' title='bbox 79 236 157 311; x_wconf 77' lang='lat' dir='ltr'><strong>sse</strong></span> <span class='ocrx_word' id='word_1_2' title='bbox 251 220 259 237; x_wconf 72' lang='grc'><strong>“</strong></span> <span class='ocrx_word' id='word_1_3' title='bbox 415 221 473 300; x_wconf 80' lang='lat' dir='ltr'><strong>os.</strong></span> <span class='ocrx_word' id='word_1_4' title='bbox 502 220 604 296; x_wconf 77' lang='lat' dir='ltr'><strong>xus.</strong></span> <span class='ocrx_word' id='word_1_5' title='bbox 657 211 898 329; x_wconf 65' lang='lat' dir='ltr'><strong>polysema.</strong></span> <span class='ocrx_word' id='word_1_6' title='bbox 970 156 1009 280; x_wconf 62' lang='grc' dir='ltr'><em>ζ</em></span> 
     </span>
    </p>
   </div>
   <div class='ocr_carea' id='block_1_2' title="bbox 81 393 1207 655">
    <p class='ocr_par' dir='ltr' id='par_1_2' title="bbox 81 393 1207 655">
     <span class='ocr_line' id='line_1_2' title="bbox 84 393 1207 515; baseline -0.029 -19"><span class='ocrx_word' id='word_1_7' title='bbox 84 417 299 511; x_wconf 78' lang='lat' dir='ltr'><strong>&#39;saepissime</strong></span> <span class='ocrx_word' id='word_1_8' title='bbox 325 437 486 515; x_wconf 79' lang='lat' dir='ltr'><strong>rugosa,</strong></span> <span class='ocrx_word' id='word_1_9' title='bbox 513 408 658 484; x_wconf 80' lang='lat' dir='ltr'><strong>&#39;obtusa</strong></span> <span class='ocrx_word' id='word_1_10' title='bbox 679 406 740 480; x_wconf 86' lang='lat' dir='ltr'><strong>uel</strong></span> <span class='ocrx_word' id='word_1_11' title='bbox 762 418 948 487; x_wconf 82' lang='lat' dir='ltr'><strong>rostrata,</strong></span> <span class='ocrx_word' id='word_1_12' title='bbox 978 393 1120 500; x_wconf 80' lang='lat' dir='ltr'><strong>glabra</strong></span> <span class='ocrx_word' id='word_1_13' title='bbox 1151 393 1207 465; x_wconf 81' lang='lat' dir='ltr'><strong>vel</strong></span> 
     </span>
     <span class='ocr_line' id='line_1_3' title="bbox 81 544 419 655; baseline -0.036 -30"><span class='ocrx_word' id='word_1_14' title='bbox 81 550 330 655; x_wconf 80' lang='lat' dir='ltr'><strong><em>pubescentia.</em></strong></span> <span class='ocrx_word' id='word_1_15' title='bbox 414 544 419 564; x_wconf 88' lang='lat'><em>&#39;</em></span> 
     </span>
    </p>
   </div>
   <div class='ocr_carea' id='block_1_3' title="bbox 504 715 782 790">
    <p class='ocr_par' dir='ltr' id='par_1_3' title="bbox 504 715 782 790">
     <span class='ocr_line' id='line_1_4' title="bbox 504 715 782 790; baseline -0.022 -4"><span class='ocrx_word' id='word_1_16' title='bbox 504 719 536 790; x_wconf 65' lang='grc' dir='ltr'><strong>«Ι.</strong></span> <span class='ocrx_word' id='word_1_17' title='bbox 581 715 782 784; x_wconf 81' lang='lat' dir='ltr'><strong>ADONIA.</strong></span> 
     </span>
    </p>
   </div>
   <div class='ocr_carea' id='block_1_4' title="bbox 92 838 1214 1291">
    <p class='ocr_par' dir='ltr' id='par_1_4' title="bbox 92 838 1213 937">
     <span class='ocr_line' id='line_1_5' title="bbox 92 838 1213 937; baseline -0.021 -13"><span class='ocrx_word' id='word_1_18' title='bbox 92 860 237 924; x_wconf 72' lang='lat' dir='ltr'><strong>flesse</strong></span> <span class='ocrx_word' id='word_1_19' title='bbox 266 874 411 918; x_wconf 80' lang='lat' dir='ltr'><strong>annun.</strong></span> <span class='ocrx_word' id='word_1_20' title='bbox 460 851 619 937; x_wconf 82' lang='lat' dir='ltr'><strong>Sepnlo</strong></span> <span class='ocrx_word' id='word_1_21' title='bbox 650 851 742 911; x_wconf 77' lang='lat' dir='ltr'><strong>bosi</strong></span> <span class='ocrx_word' id='word_1_22' title='bbox 778 843 1014 907; x_wconf 83' lang='lat' dir='ltr'><strong>subsolatn.</strong></span> <span class='ocrx_word' id='word_1_23' title='bbox 1067 838 1213 903; x_wconf 72' lang='lat' dir='ltr'><strong>Petale</strong></span> 
     </span>
    </p>

    <p class='ocr_par' dir='ltr' id='par_1_5' title="bbox 107 962 1212 1053">
     <span class='ocr_line' id='line_1_6' title="bbox 107 962 1212 1053; baseline -0.021 -14"><span class='ocrx_word' id='word_1_24' title='bbox 107 1035 113 1047; x_wconf 83' lang='lat'><em>,</em></span> <span class='ocrx_word' id='word_1_25' title='bbox 175 967 335 1037; x_wconf 79' lang='lat'><strong>3-10,</strong></span> <span class='ocrx_word' id='word_1_26' title='bbox 387 962 1212 1053; x_wconf 77' lang='lat' dir='ltr'><strong>Receptaculamelongntumcumcur-</strong></span> 
     </span>
    </p>

    <p class='ocr_par' dir='ltr' id='par_1_6' title="bbox 103 1072 1214 1291">
     <span class='ocr_line' id='line_1_7' title="bbox 103 1072 1214 1171; baseline -0.015 -21"><span class='ocrx_word' id='word_1_27' title='bbox 103 1148 106 1156; x_wconf 89' lang='grc'>,</span> <span class='ocrx_word' id='word_1_28' title='bbox 175 1090 310 1171; x_wconf 79' lang='lat' dir='ltr'><strong>pellis</strong></span> <span class='ocrx_word' id='word_1_29' title='bbox 330 1084 532 1165; x_wconf 79' lang='lat' dir='ltr'><strong>glabrum.</strong></span> <span class='ocrx_word' id='word_1_30' title='bbox 578 1080 734 1162; x_wconf 84' lang='lat' dir='ltr'><strong>Stylus</strong></span> <span class='ocrx_word' id='word_1_31' title='bbox 763 1083 803 1139; x_wconf 83' lang='lat' dir='ltr'><strong>in</strong></span> <span class='ocrx_word' id='word_1_32' title='bbox 822 1072 974 1154; x_wconf 78' lang='lat' dir='ltr'><strong>fructu</strong></span> <span class='ocrx_word' id='word_1_33' title='bbox 993 1081 1214 1158; x_wconf 75' lang='lat' dir='ltr'><strong>porrectus</strong></span> 
     </span>
     <span class='ocr_line' id='line_1_8' title="bbox 176 1184 1058 1291; baseline -0.022 -24"><span class='ocrx_word' id='word_1_34' title='bbox 176 1206 242 1291; x_wconf 76' lang='lat' dir='ltr'><strong>vel</strong></span> <span class='ocrx_word' id='word_1_35' title='bbox 267 1208 429 1284; x_wconf 81' lang='lat' dir='ltr'><strong>putens.</strong></span> <span class='ocrx_word' id='word_1_36' title='bbox 1053 1184 1058 1189; x_wconf 73' lang='grc'><strong>’</strong></span> 
     </span>
    </p>
   </div>
   <div class='ocr_carea' id='block_1_5' title="bbox 1209 606 1253 749">
    <p class='ocr_par' dir='ltr' id='par_1_7' title="bbox 1209 606 1253 749">
     <span class='ocr_line' id='line_1_9' title="bbox 1209 606 1253 749; baseline -0.023 1"><span class='ocrx_word' id='word_1_37' title='bbox 1209 642 1212 647; x_wconf 83' lang='grc'><strong><em>·</em></strong></span> <span class='ocrx_word' id='word_1_38' title='bbox 1249 606 1253 749; x_wconf 65' lang='lat' dir='ltr'><strong>t</strong></span> 
     </span>
    </p>
   </div>
   <div class='ocr_carea' id='block_1_6' title="bbox 362 1286 1001 1402">
    <p class='ocr_par' dir='ltr' id='par_1_8' title="bbox 362 1286 1001 1402">
     <span class='ocr_line' id='line_1_10' title="bbox 362 1286 1001 1402; baseline -0.013 -15"><span class='ocrx_word' id='word_1_39' title='bbox 362 1323 398 1402; x_wconf 86' lang='lat'><strong>1)</strong></span> <span class='ocrx_word' id='word_1_40' title='bbox 430 1323 562 1387; x_wconf 78' lang='lat' dir='ltr'><strong>Anours</strong></span> <span class='ocrx_word' id='word_1_41' title='bbox 586 1328 805 1386; x_wconf 59' lang='lat' dir='ltr'><strong>rualsenem.</strong></span> <span class='ocrx_word' id='word_1_42' title='bbox 840 1317 947 1381; x_wconf 77' lang='lat' dir='ltr'><strong>Fteeu.</strong></span> <span class='ocrx_word' id='word_1_43' title='bbox 997 1286 1001 1299; x_wconf 71' lang='lat'><strong>.</strong></span> 
     </span>
    </p>
   </div>
   <div class='ocr_carea' id='block_1_7' title="bbox 93 1440 1210 1684">
    <p class='ocr_par' dir='ltr' id='par_1_9' title="bbox 93 1440 1210 1684">
     <span class='ocr_line' id='line_1_11' title="bbox 93 1440 1210 1563; baseline -0.015 -31"><span class='ocrx_word' id='word_1_44' title='bbox 93 1457 143 1532; x_wconf 87' lang='grc' dir='ltr'><strong>Α.</strong></span> <span class='ocrx_word' id='word_1_45' title='bbox 181 1457 316 1554; x_wconf 83' lang='lat' dir='ltr'><strong>petalis</strong></span> <span class='ocrx_word' id='word_1_46' title='bbox 359 1454 483 1550; x_wconf 88' lang='lat' dir='ltr'><strong>planis</strong></span> <span class='ocrx_word' id='word_1_47' title='bbox 518 1454 646 1563; x_wconf 87' lang='lat' dir='ltr'><strong>sepala</strong></span> <span class='ocrx_word' id='word_1_48' title='bbox 686 1461 799 1523; x_wconf 86' lang='lat' dir='ltr'><strong>acuta</strong></span> <span class='ocrx_word' id='word_1_49' title='bbox 832 1449 899 1521; x_wconf 86' lang='lat' dir='ltr'><strong>vix</strong></span> <span class='ocrx_word' id='word_1_50' title='bbox 935 1440 1210 1543; x_wconf 73' lang='lat' dir='ltr'><strong>superantibus,</strong></span> 
     </span>
     <span class='ocr_line' id='line_1_12' title="bbox 147 1575 1210 1684; baseline -0.011 -25"><span class='ocrx_word' id='word_1_51' title='bbox 147 1587 402 1682; x_wconf 80' lang='lat' dir='ltr'><strong>carpellorurr‘s</strong></span> <span class='ocrx_word' id='word_1_52' title='bbox 417 1612 419 1616; x_wconf 32' lang='lat'>⁸</span> <span class='ocrx_word' id='word_1_53' title='bbox 433 1583 611 1684; x_wconf 76' lang='lat' dir='ltr'>margine</span> <span class='ocrx_word' id='word_1_54' title='bbox 637 1579 832 1678; x_wconf 79' lang='lat' dir='ltr'><strong>superiore</strong></span> <span class='ocrx_word' id='word_1_55' title='bbox 854 1579 1082 1654; x_wconf 79' lang='lat' dir='ltr'><strong>subarcuato</strong></span> <span class='ocrx_word' id='word_1_56' title='bbox 1104 1575 1210 1648; x_wconf 85' lang='lat' dir='ltr'><strong>eden·</strong></span> 
     </span>
    </p>
   </div>
   <div class='ocr_carea' id='block_1_8' title="bbox 13 1707 1213 2501">
    <p class='ocr_par' dir='ltr' id='par_1_10' title="bbox 13 1707 1213 2501">
     <span class='ocr_line' id='line_1_13' title="bbox 146 1707 1208 1811; baseline -0.013 -20"><span class='ocrx_word' id='word_1_57' title='bbox 146 1719 224 1791; x_wconf 84' lang='lat' dir='ltr'><strong>tulo</strong></span> <span class='ocrx_word' id='word_1_58' title='bbox 233 1744 244 1809; x_wconf 79' lang='lat'>3</span> <span class='ocrx_word' id='word_1_59' title='bbox 273 1717 462 1790; x_wconf 83' lang='lat' dir='ltr'><strong>exteriore</strong></span> <span class='ocrx_word' id='word_1_60' title='bbox 482 1716 566 1790; x_wconf 89' lang='lat' dir='ltr'><strong>basi</strong></span> <span class='ocrx_word' id='word_1_61' title='bbox 587 1714 819 1804; x_wconf 72' lang='lat' dir='ltr'><strong>arridentem,</strong></span> <span class='ocrx_word' id='word_1_62' title='bbox 847 1713 945 1811; x_wconf 84' lang='lat' dir='ltr'><strong>stylo</strong></span> <span class='ocrx_word' id='word_1_63' title='bbox 972 1707 1208 1785; x_wconf 78' lang='lat' dir='ltr'><strong>horizontali.</strong></span> 
     </span>
     <span class='ocr_line' id='line_1_14' title="bbox 13 1837 875 1933; baseline -0.008 -20"><span class='ocrx_word' id='word_1_64' title='bbox 13 1837 16 1842; x_wconf 32' lang='lat'>¹</span> <span class='ocrx_word' id='word_1_65' title='bbox 112 1868 115 1873; x_wconf 79' lang='grc'><em>’</em></span> <span class='ocrx_word' id='word_1_66' title='bbox 181 1847 225 1911; x_wconf 96' lang='lat' dir='ltr'><strong>A.</strong></span> <span class='ocrx_word' id='word_1_67' title='bbox 248 1846 434 1933; x_wconf 83' lang='lat' dir='ltr'><strong>parviflore.</strong></span> <span class='ocrx_word' id='word_1_68' title='bbox 480 1848 557 1910; x_wconf 84' lang='lat' dir='ltr'><strong>Deo.</strong></span> <span class='ocrx_word' id='word_1_69' title='bbox 580 1846 699 1910; x_wconf 87' lang='lat' dir='ltr'><strong>Prodr.</strong></span> <span class='ocrx_word' id='word_1_70' title='bbox 722 1846 750 1910; x_wconf 87' lang='lat' dir='ltr'><strong>l.</strong></span> <span class='ocrx_word' id='word_1_71' title='bbox 772 1871 805 1933; x_wconf 87' lang='lat' dir='ltr'><strong>p.</strong></span> <span class='ocrx_word' id='word_1_72' title='bbox 820 1843 875 1906; x_wconf 80' lang='lat'><strong>24.</strong></span> 
     </span>
     <span class='ocr_line' id='line_1_15' title="bbox 182 1950 1209 2050; baseline -0.009 -23"><span class='ocrx_word' id='word_1_73' title='bbox 182 1965 226 2027; x_wconf 80' lang='lat' dir='ltr'><strong>A.</strong></span> <span class='ocrx_word' id='word_1_74' title='bbox 251 1963 417 2026; x_wconf 73' lang='lat' dir='ltr'><strong>aestivalis</strong></span> <span class='ocrx_word' id='word_1_75' title='bbox 441 1950 580 2026; x_wconf 81' lang='lat' dir='ltr'><strong>varietas</strong></span> <span class='ocrx_word' id='word_1_76' title='bbox 603 1962 786 2050; x_wconf 86' lang='lat' dir='ltr'><strong>parviflore.</strong></span> <span class='ocrx_word' id='word_1_77' title='bbox 819 1959 872 2024; x_wconf 89' lang='lat' dir='ltr'><strong>M.</strong></span> <span class='ocrx_word' id='word_1_78' title='bbox 897 1983 919 2022; x_wconf 87' lang='lat' dir='ltr'><strong>o</strong></span> <span class='ocrx_word' id='word_1_79' title='bbox 939 1957 1029 2021; x_wconf 82' lang='lat' dir='ltr'><strong>Bicb.</strong></span> <span class='ocrx_word' id='word_1_80' title='bbox 1054 1956 1103 2021; x_wconf 86' lang='lat' dir='ltr'><strong>Fl.</strong></span> <span class='ocrx_word' id='word_1_81' title='bbox 1131 1968 1209 2019; x_wconf 81' lang='lat' dir='ltr'><strong>taur.</strong></span> 
     </span>
     <span class='ocr_line' id='line_1_16' title="bbox 227 2075 605 2164; baseline -0.005 -22"><span class='ocrx_word' id='word_1_82' title='bbox 227 2101 316 2142; x_wconf 81' lang='lat' dir='ltr'><strong>cauo.</strong></span> <span class='ocrx_word' id='word_1_83' title='bbox 340 2075 453 2162; x_wconf 85' lang='lat' dir='ltr'><strong>Suppl.</strong></span> <span class='ocrx_word' id='word_1_84' title='bbox 470 2104 507 2164; x_wconf 89' lang='lat' dir='ltr'><strong>p.</strong></span> <span class='ocrx_word' id='word_1_85' title='bbox 530 2077 605 2143; x_wconf 86' lang='grc'>378.</span> 
     </span>
     <span class='ocr_line' id='line_1_17' title="bbox 80 2176 1213 2258; baseline -0.009 0"><span class='ocrx_word' id='word_1_86' title='bbox 80 2195 182 2258; x_wconf 54' lang='lat' dir='ltr'><strong>JHab.</strong></span> <span class='ocrx_word' id='word_1_87' title='bbox 204 2176 240 2256; x_wconf 87' lang='lat' dir='ltr'><strong>in</strong></span> <span class='ocrx_word' id='word_1_88' title='bbox 262 2195 341 2256; x_wconf 85' lang='lat' dir='ltr'><strong>locis</strong></span> <span class='ocrx_word' id='word_1_89' title='bbox 364 2196 516 2258; x_wconf 87' lang='lat' dir='ltr'><strong>subsalsis</strong></span> <span class='ocrx_word' id='word_1_90' title='bbox 540 2193 787 2257; x_wconf 88' lang='lat' dir='ltr'><strong>humidiusoulis</strong></span> <span class='ocrx_word' id='word_1_91' title='bbox 815 2206 848 2255; x_wconf 89' lang='lat' dir='ltr'><strong>et</strong></span> <span class='ocrx_word' id='word_1_92' title='bbox 878 2190 1038 2254; x_wconf 86' lang='lat' dir='ltr'><strong>umbrosis</strong></span> <span class='ocrx_word' id='word_1_93' title='bbox 1067 2187 1108 2252; x_wconf 90' lang='lat' dir='ltr'><strong>ad</strong></span> <span class='ocrx_word' id='word_1_94' title='bbox 1132 2183 1213 2250; x_wconf 84' lang='lat' dir='ltr'><strong>radi-</strong></span> 
     </span>
     <span class='ocr_line' id='line_1_18' title="bbox 142 2303 1211 2391; baseline -0.007 -19"><span class='ocrx_word' id='word_1_95' title='bbox 142 2330 212 2372; x_wconf 86' lang='lat' dir='ltr'><strong>cem</strong></span> <span class='ocrx_word' id='word_1_96' title='bbox 235 2310 395 2372; x_wconf 82' lang='lat' dir='ltr'><strong>montium</strong></span> <span class='ocrx_word' id='word_1_97' title='bbox 413 2308 625 2391; x_wconf 83' lang='lat' dir='ltr'><strong>Kurtschum,</strong></span> <span class='ocrx_word' id='word_1_98' title='bbox 648 2307 877 2373; x_wconf 76' lang='lat' dir='ltr'><strong>Dolon-Korn</strong></span> <span class='ocrx_word' id='word_1_99' title='bbox 893 2318 925 2371; x_wconf 89' lang='lat' dir='ltr'><strong>et</strong></span> <span class='ocrx_word' id='word_1_100' title='bbox 938 2305 1102 2370; x_wconf 78' lang='lat' dir='ltr'><strong>Aska-ul</strong></span> <span class='ocrx_word' id='word_1_101' title='bbox 1122 2303 1211 2383; x_wconf 74' lang='lat' dir='ltr'><strong>(M).</strong></span> 
     </span>
     <span class='ocr_line' id='line_1_19' title="bbox 143 2423 410 2501; baseline -0.004 -15"><span class='ocrx_word' id='word_1_102' title='bbox 143 2425 192 2488; x_wconf 67' lang='grc' dir='ltr'><strong>ΡΙ.</strong></span> <span class='ocrx_word' id='word_1_103' title='bbox 215 2423 312 2501; x_wconf 77' lang='lat' dir='ltr'><strong>llajo.</strong></span> <span class='ocrx_word' id='word_1_104' title='bbox 362 2432 410 2498; x_wconf 82' lang='grc' dir='ltr'><strong>Θ.</strong></span> 
     </span>
    </p>
   </div>
   <div class='ocr_carea' id='block_1_9' title="bbox 9 2553 1212 4026">
    <p class='ocr_par' dir='ltr' id='par_1_11' title="bbox 98 2553 1212 3221">
     <span class='ocr_line' id='line_1_20' title="bbox 186 2553 1212 2641; baseline -0.007 -18"><span class='ocrx_word' id='word_1_105' title='bbox 186 2560 425 2623; x_wconf 84' lang='lat' dir='ltr'><strong>Celeberrimos</strong></span> <span class='ocrx_word' id='word_1_106' title='bbox 446 2559 666 2622; x_wconf 79' lang='lat' dir='ltr'><strong>Reiclrenbaols</strong></span> <span class='ocrx_word' id='word_1_107' title='bbox 684 2561 783 2636; x_wconf 85' lang='lat' dir='ltr'><strong>(loon.</strong></span> <span class='ocrx_word' id='word_1_108' title='bbox 809 2566 881 2621; x_wconf 84' lang='lat' dir='ltr'><strong>crit.</strong></span> <span class='ocrx_word' id='word_1_109' title='bbox 898 2558 964 2623; x_wconf 80' lang='lat' dir='ltr'><strong>IV.</strong></span> <span class='ocrx_word' id='word_1_110' title='bbox 985 2581 1018 2641; x_wconf 89' lang='lat' dir='ltr'><strong>p.</strong></span> <span class='ocrx_word' id='word_1_111' title='bbox 1035 2553 1110 2634; x_wconf 82' lang='lat'><strong>16.)</strong></span> <span class='ocrx_word' id='word_1_112' title='bbox 1135 2555 1212 2617; x_wconf 81' lang='lat' dir='ltr'><strong>hene</strong></span> 
     </span>
     <span class='ocr_line' id='line_1_21' title="bbox 103 2654 1212 2759; baseline -0.003 -25"><span class='ocrx_word' id='word_1_113' title='bbox 103 2677 242 2759; x_wconf 84' lang='lat' dir='ltr'><strong>speciem</strong></span> <span class='ocrx_word' id='word_1_114' title='bbox 265 2685 350 2735; x_wconf 86' lang='lat' dir='ltr'><strong>certe</strong></span> <span class='ocrx_word' id='word_1_115' title='bbox 371 2674 536 2737; x_wconf 87' lang='lat' dir='ltr'><strong>immerito</strong></span> <span class='ocrx_word' id='word_1_116' title='bbox 551 2695 624 2736; x_wconf 89' lang='lat' dir='ltr'><strong>cum</strong></span> <span class='ocrx_word' id='word_1_117' title='bbox 640 2673 683 2736; x_wconf 86' lang='lat' dir='ltr'><strong>A.</strong></span> <span class='ocrx_word' id='word_1_118' title='bbox 699 2677 716 2736; x_wconf 84' lang='lat' dir='ltr'><strong>f</strong></span> <span class='ocrx_word' id='word_1_119' title='bbox 721 2654 893 2738; x_wconf 82' lang='lat' dir='ltr'><strong>lammae</strong></span> <span class='ocrx_word' id='word_1_120' title='bbox 916 2672 1090 2754; x_wconf 85' lang='lat' dir='ltr'><strong>conjungit,</strong></span> <span class='ocrx_word' id='word_1_121' title='bbox 1115 2691 1135 2732; x_wconf 87' lang='lat' dir='ltr'><strong>a</strong></span> <span class='ocrx_word' id='word_1_122' title='bbox 1155 2688 1212 2754; x_wconf 81' lang='lat' dir='ltr'><strong>qua</strong></span> 
     </span>
     <span class='ocr_line' id='line_1_22' title="bbox 98 2776 1212 2874; baseline -0.003 -25"><span class='ocrx_word' id='word_1_123' title='bbox 98 2790 217 2873; x_wconf 83' lang='lat' dir='ltr'><strong>petalis</strong></span> <span class='ocrx_word' id='word_1_124' title='bbox 249 2790 356 2867; x_wconf 84' lang='lat' dir='ltr'><strong>calyce</strong></span> <span class='ocrx_word' id='word_1_125' title='bbox 387 2808 503 2874; x_wconf 87' lang='lat' dir='ltr'><strong>parum</strong></span> <span class='ocrx_word' id='word_1_126' title='bbox 531 2776 730 2871; x_wconf 84' lang='lat' dir='ltr'><strong>longioribus</strong></span> <span class='ocrx_word' id='word_1_127' title='bbox 759 2794 827 2855; x_wconf 86' lang='lat' dir='ltr'><strong>be&#39;si</strong></span> <span class='ocrx_word' id='word_1_128' title='bbox 850 2791 1039 2869; x_wconf 86' lang='lat' dir='ltr'><strong>maculetis,</strong></span> <span class='ocrx_word' id='word_1_129' title='bbox 1067 2784 1212 2873; x_wconf 85' lang='lat' dir='ltr'><strong>carpellis</strong></span> 
     </span>
     <span class='ocr_line' id='line_1_23' title="bbox 100 2903 1212 2990; baseline 0.001 -26"><span class='ocrx_word' id='word_1_130' title='bbox 100 2904 247 2982; x_wconf 78' lang='lat' dir='ltr'><strong>margine</strong></span> <span class='ocrx_word' id='word_1_131' title='bbox 269 2907 609 2989; x_wconf 56' lang='lat' dir='ltr'><strong>superioresstruncetis</strong></span> <span class='ocrx_word' id='word_1_132' title='bbox 637 2909 691 2969; x_wconf 89' lang='lat' dir='ltr'><strong>vel</strong></span> <span class='ocrx_word' id='word_1_133' title='bbox 713 2910 908 2971; x_wconf 84' lang='lat' dir='ltr'><strong>subarcuatis</strong></span> <span class='ocrx_word' id='word_1_134' title='bbox 930 2909 1124 2990; x_wconf 88' lang='lat' dir='ltr'><strong>(nunquam</strong></span> <span class='ocrx_word' id='word_1_135' title='bbox 1147 2903 1212 2985; x_wconf 83' lang='lat' dir='ltr'><strong>gib·</strong></span> 
     </span>
     <span class='ocr_line' id='line_1_24' title="bbox 100 3006 1209 3109; baseline 0.003 -31"><span class='ocrx_word' id='word_1_136' title='bbox 100 3018 172 3091; x_wconf 86' lang='lat' dir='ltr'><strong>bis)</strong></span> <span class='ocrx_word' id='word_1_137' title='bbox 195 3030 227 3080; x_wconf 89' lang='lat' dir='ltr'><strong>et</strong></span> <span class='ocrx_word' id='word_1_138' title='bbox 249 3022 333 3104; x_wconf 78' lang='lat' dir='ltr'><strong>stylo</strong></span> <span class='ocrx_word' id='word_1_139' title='bbox 357 3006 579 3106; x_wconf 83' lang='lat' dir='ltr'><strong>patentissimo</strong></span> <span class='ocrx_word' id='word_1_140' title='bbox 601 3018 681 3099; x_wconf 85' lang='lat' dir='ltr'><strong>(non</strong></span> <span class='ocrx_word' id='word_1_141' title='bbox 704 3029 865 3109; x_wconf 85' lang='lat' dir='ltr'><strong>porrecto)</strong></span> <span class='ocrx_word' id='word_1_142' title='bbox 887 3023 985 3085; x_wconf 86' lang='lat' dir='ltr'><strong>facile·</strong></span> <span class='ocrx_word' id='word_1_143' title='bbox 1004 3019 1209 3102; x_wconf 71' lang='lat' dir='ltr'><strong>dignoscitur.</strong></span> 
     </span>
     <span class='ocr_line' id='line_1_25' title="bbox 101 3112 1211 3221; baseline 0.004 -28"><span class='ocrx_word' id='word_1_144' title='bbox 101 3129 218 3210; x_wconf 82' lang='lat' dir='ltr'><strong>Quoad</strong></span> <span class='ocrx_word' id='word_1_145' title='bbox 241 3138 450 3221; x_wconf 83' lang='lat' dir='ltr'><strong>carpellorum</strong></span> <span class='ocrx_word' id='word_1_146' title='bbox 472 3141 611 3202; x_wconf 84' lang='lat' dir='ltr'><strong>formam</strong></span> <span class='ocrx_word' id='word_1_147' title='bbox 632 3138 675 3202; x_wconf 89' lang='lat' dir='ltr'><strong>A.</strong></span> <span class='ocrx_word' id='word_1_148' title='bbox 694 3138 932 3203; x_wconf 86' lang='lat' dir='ltr'><strong>autumnali</strong></span> <span class='ocrx_word' id='word_1_149' title='bbox 954 3136 1072 3201; x_wconf 86' lang='lat' dir='ltr'><strong>mellus</strong></span> <span class='ocrx_word' id='word_1_150' title='bbox 1096 3112 1211 3199; x_wconf 63' lang='lat' dir='ltr'><strong>conra-</strong></span> 
     </span>
    </p>

    <p class='ocr_par' dir='ltr' id='par_1_12' title="bbox 9 3247 1212 4026">
     <span class='ocr_line' id='line_1_26' title="bbox 9 3247 1209 3341; baseline 0.003 -33"><span class='ocrx_word' id='word_1_151' title='bbox 9 3330 12 3336; x_wconf 89' lang='lat'><strong>.</strong></span> <span class='ocrx_word' id='word_1_152' title='bbox 100 3248 168 3325; x_wconf 81' lang='lat' dir='ltr'><strong>nit,</strong></span> <span class='ocrx_word' id='word_1_153' title='bbox 199 3247 255 3310; x_wconf 86' lang='lat' dir='ltr'><strong>sed</strong></span> <span class='ocrx_word' id='word_1_154' title='bbox 286 3253 319 3311; x_wconf 89' lang='lat' dir='ltr'><strong>in</strong></span> <span class='ocrx_word' id='word_1_155' title='bbox 349 3266 456 3315; x_wconf 86' lang='lat' dir='ltr'><strong>nostre</strong></span> <span class='ocrx_word' id='word_1_156' title='bbox 488 3257 595 3340; x_wconf 86' lang='lat' dir='ltr'><strong>specie</strong></span> <span class='ocrx_word' id='word_1_157' title='bbox 623 3257 733 3341; x_wconf 86' lang='lat' dir='ltr'><strong>sepala</strong></span> <span class='ocrx_word' id='word_1_158' title='bbox 763 3267 853 3318; x_wconf 86' lang='lat' dir='ltr'><strong>acuta</strong></span> <span class='ocrx_word' id='word_1_159' title='bbox 882 3256 934 3318; x_wconf 85' lang='lat' dir='ltr'><strong>vel</strong></span> <span class='ocrx_word' id='word_1_160' title='bbox 964 3254 1209 3318; x_wconf 86' lang='lat' dir='ltr'><strong>subacuminata</strong></span> 
     </span>
     <span class='ocr_line' id='line_1_27' title="bbox 101 3360 1211 3456; baseline 0.005 -32"><span class='ocrx_word' id='word_1_161' title='bbox 101 3360 157 3443; x_wconf 87' lang='lat' dir='ltr'><strong>(in</strong></span> <span class='ocrx_word' id='word_1_162' title='bbox 179 3362 222 3424; x_wconf 87' lang='lat' dir='ltr'><strong>A.</strong></span> <span class='ocrx_word' id='word_1_163' title='bbox 244 3369 475 3431; x_wconf 80' lang='lat' dir='ltr'><strong>autumnali</strong></span> <span class='ocrx_word' id='word_1_164' title='bbox 498 3369 704 3454; x_wconf 80' lang='lat' dir='ltr'><strong>rotundatu),</strong></span> <span class='ocrx_word' id='word_1_165' title='bbox 727 3372 831 3456; x_wconf 84' lang='lat' dir='ltr'><strong>petala</strong></span> <span class='ocrx_word' id='word_1_166' title='bbox 854 3371 950 3455; x_wconf 88' lang='lat' dir='ltr'><strong>plana</strong></span> <span class='ocrx_word' id='word_1_167' title='bbox 974 3370 1031 3450; x_wconf 87' lang='lat' dir='ltr'><strong>(in</strong></span> <span class='ocrx_word' id='word_1_168' title='bbox 1055 3370 1114 3432; x_wconf 83' lang='lat' dir='ltr'><strong>illa</strong></span> <span class='ocrx_word' id='word_1_169' title='bbox 1137 3390 1211 3432; x_wconf 85' lang='lat' dir='ltr'><strong>cou-</strong></span> 
     </span>
     <span class='ocr_line' id='line_1_28' title="bbox 101 3482 1212 3566; baseline 0.011 -29"><span class='ocrx_word' id='word_1_170' title='bbox 101 3482 201 3551; x_wconf 86' lang='lat' dir='ltr'><strong>cava)</strong></span> <span class='ocrx_word' id='word_1_171' title='bbox 229 3491 261 3541; x_wconf 84' lang='lat' dir='ltr'><strong>et</strong></span> <span class='ocrx_word' id='word_1_172' title='bbox 284 3485 420 3566; x_wconf 77' lang='lat' dir='ltr'><strong>carpello</strong></span> <span class='ocrx_word' id='word_1_173' title='bbox 444 3507 554 3548; x_wconf 86' lang='lat' dir='ltr'><strong>versus</strong></span> <span class='ocrx_word' id='word_1_174' title='bbox 578 3487 665 3549; x_wconf 86' lang='lat' dir='ltr'><strong>basin</strong></span> <span class='ocrx_word' id='word_1_175' title='bbox 689 3485 874 3548; x_wconf 87' lang='lat' dir='ltr'><strong>unidentata</strong></span> <span class='ocrx_word' id='word_1_176' title='bbox 904 3487 960 3563; x_wconf 90' lang='lat' dir='ltr'><strong>(in</strong></span> <span class='ocrx_word' id='word_1_177' title='bbox 984 3489 1024 3549; x_wconf 87' lang='grc' dir='ltr'><strong>Δ.</strong></span> <span class='ocrx_word' id='word_1_178' title='bbox 1046 3496 1212 3549; x_wconf 84' lang='lat' dir='ltr'><strong>autum·</strong></span> 
     </span>
     <span class='ocr_line' id='line_1_29' title="bbox 100 3594 1211 3676; baseline 0.01 -25"><span class='ocrx_word' id='word_1_179' title='bbox 100 3594 188 3654; x_wconf 88' lang='lat' dir='ltr'><strong>nali</strong></span> <span class='ocrx_word' id='word_1_180' title='bbox 228 3596 397 3659; x_wconf 79' lang='lat' dir='ltr'><strong>rotundato</strong></span> <span class='ocrx_word' id='word_1_181' title='bbox 427 3599 579 3663; x_wconf 83' lang='lat' dir='ltr'><strong>edentula</strong></span> <span class='ocrx_word' id='word_1_182' title='bbox 608 3603 659 3662; x_wconf 85' lang='lat' dir='ltr'><strong>vol</strong></span> <span class='ocrx_word' id='word_1_183' title='bbox 692 3600 855 3666; x_wconf 86' lang='lat' dir='ltr'><strong>denticulo</strong></span> <span class='ocrx_word' id='word_1_184' title='bbox 885 3603 1029 3666; x_wconf 86' lang='lat' dir='ltr'><strong>obsoleto</strong></span> <span class='ocrx_word' id='word_1_185' title='bbox 1060 3604 1211 3676; x_wconf 57' lang='grc' dir='ltr'><strong>ποιοίης</strong></span> 
     </span>
     <span class='ocr_line' id='line_1_30' title="bbox 99 3708 1211 3812; baseline 0.007 -45"><span class='ocrx_word' id='word_1_186' title='bbox 99 3709 139 3768; x_wconf 82' lang='lat' dir='ltr'><strong>ab</strong></span> <span class='ocrx_word' id='word_1_187' title='bbox 171 3708 210 3771; x_wconf 83' lang='lat' dir='ltr'><strong>A.</strong></span> <span class='ocrx_word' id='word_1_188' title='bbox 242 3713 439 3775; x_wconf 79' lang='lat' dir='ltr'><strong>aestivali</strong></span> <span class='ocrx_word' id='word_1_189' title='bbox 469 3719 508 3777; x_wconf 79' lang='lat' dir='ltr'><strong>A.</strong></span> <span class='ocrx_word' id='word_1_190' title='bbox 539 3718 771 3812; x_wconf 83' lang='lat' dir='ltr'><strong>parviflorn</strong></span> <span class='ocrx_word' id='word_1_191' title='bbox 799 3718 916 3804; x_wconf 85' lang='lat' dir='ltr'><strong>sepelis</strong></span> <span class='ocrx_word' id='word_1_192' title='bbox 948 3717 1068 3798; x_wconf 86' lang='lat' dir='ltr'><strong>acutis,</strong></span> <span class='ocrx_word' id='word_1_193' title='bbox 1099 3715 1211 3804; x_wconf 82' lang='lat' dir='ltr'><strong>petalis</strong></span> 
     </span>
     <span class='ocr_line' id='line_1_31' title="bbox 98 3820 1212 3925; baseline 0.009 -42"><span class='ocrx_word' id='word_1_194' title='bbox 98 3820 315 3923; x_wconf 79' lang='lat' dir='ltr'><strong>brevioribus,</strong></span> <span class='ocrx_word' id='word_1_195' title='bbox 347 3830 554 3914; x_wconf 85' lang='lat' dir='ltr'><strong>carpellorurn</strong></span> <span class='ocrx_word' id='word_1_196' title='bbox 587 3832 729 3925; x_wconf 81' lang='lat' dir='ltr'><strong>margine</strong></span> <span class='ocrx_word' id='word_1_197' title='bbox 758 3835 923 3918; x_wconf 87' lang='lat' dir='ltr'><strong>superiore</strong></span> <span class='ocrx_word' id='word_1_198' title='bbox 953 3831 1127 3910; x_wconf 84' lang='lat' dir='ltr'><strong>edentulo,</strong></span> <span class='ocrx_word' id='word_1_199' title='bbox 1155 3851 1212 3895; x_wconf 84' lang='lat' dir='ltr'><strong>nec</strong></span> 
     </span>
     <span class='ocr_line' id='line_1_32' title="bbox 98 3941 806 4026; baseline 0.02 -29"><span class='ocrx_word' id='word_1_200' title='bbox 98 3955 171 4003; x_wconf 82' lang='lat' dir='ltr'><strong>non·</strong></span> <span class='ocrx_word' id='word_1_201' title='bbox 187 3941 272 4019; x_wconf 86' lang='lat' dir='ltr'><strong>stylo</strong></span> <span class='ocrx_word' id='word_1_202' title='bbox 294 3945 518 4026; x_wconf 84' lang='lat' dir='ltr'><strong>patentissimo</strong></span> <span class='ocrx_word' id='word_1_203' title='bbox 541 3947 620 4009; x_wconf 85' lang='lat' dir='ltr'><strong>satis</strong></span> <span class='ocrx_word' id='word_1_204' title='bbox 643 3945 806 4012; x_wconf 84' lang='lat' dir='ltr'><strong>distincta.</strong></span> 
     </span>
    </p>
   </div>
   <div class='ocr_carea' id='block_1_10' title="bbox 92 4054 1208 4289">
    <p class='ocr_par' dir='ltr' id='par_1_13' title="bbox 92 4054 1208 4289">
     <span class='ocr_line' id='line_1_33' title="bbox 126 4054 1208 4173; baseline 0.001 -34"><span class='ocrx_word' id='word_1_205' title='bbox 126 4085 135 4096; x_wconf 88' lang='grc'><strong>’“</strong></span> <span class='ocrx_word' id='word_1_206' title='bbox 179 4074 315 4140; x_wconf 82' lang='lat' dir='ltr'><strong>Radix</strong></span> <span class='ocrx_word' id='word_1_207' title='bbox 346 4054 467 4158; x_wconf 64' lang='lat' dir='ltr'><strong>ilionis,</strong></span> <span class='ocrx_word' id='word_1_208' title='bbox 498 4102 616 4147; x_wconf 85' lang='lat' dir='ltr'><strong>annua.</strong></span> <span class='ocrx_word' id='word_1_209' title='bbox 668 4081 815 4152; x_wconf 82' lang='lat' dir='ltr'><strong>Caules</strong></span> <span class='ocrx_word' id='word_1_210' title='bbox 845 4088 963 4164; x_wconf 88' lang='lat' dir='ltr'><strong>erecti,</strong></span> <span class='ocrx_word' id='word_1_211' title='bbox 993 4082 1128 4173; x_wconf 84' lang='lat' dir='ltr'><strong>pedales</strong></span> <span class='ocrx_word' id='word_1_212' title='bbox 1157 4081 1208 4144; x_wconf 77' lang='lat' dir='ltr'><strong>vel</strong></span> 
     </span>
     <span class='ocr_line' id='line_1_34' title="bbox 92 4192 1207 4289; baseline 0.006 -38"><span class='ocrx_word' id='word_1_213' title='bbox 92 4192 340 4275; x_wconf 75' lang='lat' dir='ltr'><strong>sesquipedales,</strong></span> <span class='ocrx_word' id='word_1_214' title='bbox 364 4198 503 4278; x_wconf 82' lang='lat' dir='ltr'><strong>graciles,</strong></span> <span class='ocrx_word' id='word_1_215' title='bbox 526 4202 678 4281; x_wconf 84' lang='lat' dir='ltr'><strong>angulati,</strong></span> <span class='ocrx_word' id='word_1_216' title='bbox 703 4204 816 4286; x_wconf 83' lang='lat' dir='ltr'><strong>glabri,</strong></span> <span class='ocrx_word' id='word_1_217' title='bbox 839 4205 910 4268; x_wconf 89' lang='lat' dir='ltr'><strong>basi</strong></span> <span class='ocrx_word' id='word_1_218' title='bbox 932 4222 1027 4289; x_wconf 81' lang='lat' dir='ltr'><strong>saepe</strong></span> <span class='ocrx_word' id='word_1_219' title='bbox 1049 4199 1207 4288; x_wconf 80' lang='lat' dir='ltr'><strong>patentius</strong></span> 
     </span>
    </p>
   </div>
   <div class='ocr_carea' id='block_1_11' title="bbox 0 0 1286 4724">
    <p class='ocr_par' dir='ltr' id='par_1_14' title="bbox 0 0 1286 4724">
     <span class='ocr_line' id='line_1_35' title="bbox 0 0 1286 4724; baseline 0 0"><span class='ocrx_word' id='word_1_220' title='bbox 0 0 1286 4724; x_wconf 95' lang='lat' dir='ltr'><strong> </strong></span> 
     </span>
    </p>
   </div>
  </div>
 </body>
</html>
